
@Article{	  3sumIntroduction,
  author	= {Anka Gajentaan and Mark H. Overmars},
  title		= {On a class of {O}(n\({}^{\mbox{2}}\)) problems in
		  computational geometry},
  journal	= {Comput. Geom.},
  volume	= {45},
  number	= {4},
  pages		= {140--152},
  year		= {2012},
  url		= {https://doi.org/10.1016/j.comgeo.2011.11.006},
  doi		= {10.1016/j.comgeo.2011.11.006},
  timestamp	= {Sat, 20 May 2017 00:25:27 +0200},
  biburl	= {http://dblp.org/rec/bib/journals/comgeo/GajentaanO12},
  bibsource	= {dblp computer science bibliography, http://dblp.org}
}

@InProceedings{	  abboud2014consequences,
  title		= {Consequences of faster alignment of sequences},
  author	= {Abboud, Amir and {Vassilevska Williams}, Virginia and
		  Weimann, Oren},
  booktitle	= {International Colloquium on Automata, Languages, and
		  Programming},
  pages		= {39--51},
  year		= {2014},
  organization	= {Springer}
}

@InProceedings{	  AbboudW14pop,
  author	= {Amir Abboud and Virginia Vassilevska Williams},
  title		= {Popular Conjectures Imply Strong Lower Bounds for Dynamic
		  Problems},
  booktitle	= {55th {IEEE} Annual Symposium on Foundations of Computer
		  Science, {FOCS} 2014, Philadelphia, PA, USA, October 18-21,
		  2014},
  pages		= {434--443},
  year		= {2014}
}

@InProceedings{	  ABW10,
  author	= {Applebaum, Benny and Barak, Boaz and Wigderson, Avi},
  title		= {Public-key Cryptography from Different Assumptions},
  booktitle	= {Proceedings of the Forty-second ACM Symposium on Theory of
		  Computing},
  series	= {STOC '10},
  year		= {2010},
  isbn		= {978-1-4503-0050-6},
  location	= {Cambridge, Massachusetts, USA},
  pages		= {171--180},
  numpages	= {10},
  url		= {http://doi.acm.org/10.1145/1806689.1806715},
  doi		= {10.1145/1806689.1806715},
  acmid		= {1806715},
  publisher	= {ACM},
  address	= {New York, NY, USA},
  keywords	= {3lin, densest subgraph problem, expander graphs, learning
		  juntas, learning parity with noise, nc0, public key
		  cryptography}
}

@InProceedings{	  AHIKV17,
  author	= {Benny Applebaum and Naama Haramaty and Yuval Ishai and
		  Eyal Kushilevitz and Vinod Vaikuntanathan},
  title		= {Low-Complexity Cryptographic Hash Functions},
  booktitle	= {8th Innovations in Theoretical Computer Science
		  Conference, {ITCS} 2017, January 9-11, 2017, Berkeley, CA,
		  {USA}},
  pages		= {7:1--7:31},
  year		= {2017}
}

###InProceedings{ AHIKV17,
  author	= {Benny Applebaum and Naama Haramaty and Yuval Ishai and
		  Eyal Kushilevitz and Vinod Vaikuntanathan},
  title		= {Low-Complexity Cryptographic Hash Functions},
  booktitle	= {8th Innovations in Theoretical Computer Science
		  Conference, {ITCS} 2017, January 9-11, 2017, Berkeley, CA,
		  {USA}},
  pages		= {7:1--7:31},
  year		= {2017}
}

###InProceedings{ AHIKV17,
  author	= {Benny Applebaum and Naama Haramaty and Yuval Ishai and
		  Eyal Kushilevitz and Vinod Vaikuntanathan},
  title		= {Low-Complexity Cryptographic Hash Functions},
  booktitle	= {8th Innovations in Theoretical Computer Science
		  Conference, {ITCS} 2017, January 9-11, 2017, Berkeley, CA,
		  {USA}},
  pages		= {7:1--7:31},
  year		= {2017}
}

@InProceedings{	  ALM17,
  author	= {Adi Akavia and Rio LaVigne and Tal Moran},
  title		= {Topology-Hiding Computation on All Graphs},
  booktitle	= {Advances in Cryptology - {CRYPTO} 2017 - 37th Annual
		  International Cryptology Conference, Santa Barbara, CA,
		  USA, August 20-24, 2017, Proceedings, Part {I}},
  pages		= {447--467},
  year		= {2017},
  url		= {https://doi.org/10.1007/978-3-319-63688-7\_15},
  doi		= {10.1007/978-3-319-63688-7\_15},
  timestamp	= {Tue, 14 May 2019 10:00:48 +0200},
  biburl	= {https://dblp.org/rec/bib/conf/crypto/AkaviaLM17},
  bibsource	= {dblp computer science bibliography, https://dblp.org}
}

@MastersThesis{RioMasters17,
	author     =     {Rio LaVigne},
	title     =     {Topology Hiding Computation on All Graphs},
	school     =     {Massachusetts Institute of Technology},
	address     =     {Cambridge, MA},
	year     =     {2017},
}

@InProceedings{	  AlonMS96,
  author	= {Noga Alon and Yossi Matias and Mario Szegedy},
  title		= {The Space Complexity of Approximating the Frequency
		  Moments},
  booktitle	= {Proceedings of the Twenty-Eighth Annual {ACM} Symposium on
		  the Theory of Computing, Philadelphia, Pennsylvania, USA,
		  May 22-24, 1996},
  pages		= {20--29},
  year		= {1996}
}

###InProceedings{ AlonMS96,
  author	= {Noga Alon and Yossi Matias and Mario Szegedy},
  title		= {The Space Complexity of Approximating the Frequency
		  Moments},
  booktitle	= {Proceedings of the Twenty-Eighth Annual {ACM} Symposium on
		  the Theory of Computing, Philadelphia, Pennsylvania, USA,
		  May 22-24, 1996},
  pages		= {20--29},
  year		= {1996}
}

@Article{	  averageAPSP,
  author	= {Colin Cooper and Alan M. Frieze and Kurt Mehlhorn and
		  Volker Priebe},
  title		= {Average-case complexity of shortest-paths problems in the
		  vertex-potential model},
  journal	= {Random Struct. Algorithms},
  volume	= {16},
  number	= {1},
  pages		= {33--46},
  year		= {2000},
  url		= {https://doi.org/10.1002/(SICI)1098-2418(200001)16:1<33::AID-RSA3>3.0.CO;2-0},
  doi		= {10.1002/(SICI)1098-2418(200001)16:1<33::AID-RSA3>3.0.CO;2-0},
  timestamp	= {Mon, 06 Nov 2017 12:13:08 +0100},
  biburl	= {http://dblp.org/rec/bib/journals/rsa/CooperFMP00},
  bibsource	= {dblp computer science bibliography, http://dblp.org}
}

@Unpublished{	  avgCase3Sum,
  title		= {Higher Lower Bounds from the 3SUM Conjecture},
  author	= {Seth Pettie},
  year		= {2015},
  note		= {Fine-Grained Complexity and Algorithm Design Workshop at
		  the Simons Institute},
  biburl	= {https://simons.berkeley.edu/talks/seth-pettie-2015-11-30},
  url		= {https://www.youtube.com/watch?v=OkagNffn7KQ&feature=youtu.be&t=206}
}

@InProceedings{	  avgCaseFineGrained,
  author	= {Marshall Ball and Alon Rosen and Manuel Sabin and Prashant
		  Nalini Vasudevan},
  title		= {Average-case fine-grained hardness},
  booktitle	= {Proceedings of the 49th Annual {ACM} {SIGACT} Symposium on
		  Theory of Computing, {STOC} 2017, Montreal, QC, Canada,
		  June 19-23, 2017},
  pages		= {483--496},
  year		= {2017},
  url		= {http://doi.acm.org/10.1145/3055399.3055466},
  doi		= {10.1145/3055399.3055466},
  timestamp	= {Sat, 17 Jun 2017 18:46:57 +0200},
  biburl	= {http://dblp.org/rec/bib/conf/stoc/BallRSV17},
  bibsource	= {dblp computer science bibliography, http://dblp.org}
}

@Article{	  BabaiGKL03,
  author	= {L{\'{a}}szl{\'{o}} Babai and Anna G{\'{a}}l and Peter G.
		  Kimmel and Satyanarayana V. Lokam},
  title		= {Communication Complexity of Simultaneous Messages},
  journal	= {{SIAM} J. Comput.},
  volume	= {33},
  number	= {1},
  pages		= {137--166},
  year		= {2003}
}

###Article{	  BabaiGKL03,
  author	= {L{\'{a}}szl{\'{o}} Babai and Anna G{\'{a}}l and Peter G.
		  Kimmel and Satyanarayana V. Lokam},
  title		= {Communication Complexity of Simultaneous Messages},
  journal	= {{SIAM} J. Comput.},
  volume	= {33},
  number	= {1},
  pages		= {137--166},
  year		= {2003}
}

@Article{	  BackursT16,
  author	= {Arturs Backurs and Christos Tzamos},
  title		= {Improving Viterbi is Hard: Better Runtimes Imply Faster
		  Clique Algorithms},
  journal	= {CoRR},
  volume	= {abs/1607.04229},
  year		= {2016}
}

@InProceedings{	  BallRSV18,
  author	= {Marshall Ball and Alon Rosen and Manuel Sabin and Prashant
		  Nalini Vasudevan},
  title		= {Proofs of Work From Worst-Case Assumptions},
  booktitle	= {Advances in Cryptology - {CRYPTO} 2018 - 38th Annual
		  International Cryptology Conference, Santa Barbara, CA,
		  USA, August 19-23, 2018, Proceedings, Part {I}},
  pages		= {789--819},
  year		= {2018},
  crossref	= {DBLP:conf/crypto/2018-1},
  url		= {https://doi.org/10.1007/978-3-319-96884-1\_26},
  doi		= {10.1007/978-3-319-96884-1\_26},
  timestamp	= {Tue, 14 May 2019 10:00:48 +0200},
  biburl	= {https://dblp.org/rec/bib/conf/crypto/BallRSV18},
  bibsource	= {dblp computer science bibliography, https://dblp.org}
}

@InProceedings{	  Barak01,
  author	= {Barak, Boaz and Goldreich, Oded and Impagliazzo, Russell
		  and Rudich, Steven and Sahai, Amit and Vadhan, Salil P. and
		  Yang, Ke},
  title		= {On the (Im)Possibility of Obfuscating Programs},
  booktitle	= {Proceedings of the 21st Annual International Cryptology
		  Conference on Advances in Cryptology},
  series	= {CRYPTO '01},
  year		= {2001},
  isbn		= {3-540-42456-3},
  pages		= {1--18},
  numpages	= {18},
  url		= {http://dl.acm.org/citation.cfm?id=646766.704152},
  acmid		= {704152},
  publisher	= {Springer-Verlag},
  address	= {London, UK, UK}
}

@InBook{	  Barak17,
  author	= "Barak, Boaz",
  editor	= "Lindell, Yehuda",
  title		= "The Complexity of Public-Key Cryptography",
  booktitle	= "Tutorials on the Foundations of Cryptography: Dedicated to
		  Oded Goldreich",
  year		= "2017",
  publisher	= "Springer International Publishing",
  address	= "Cham",
  pages		= "45--77",
  abstract	= "We survey the computational foundations for public-key
		  cryptography. We discuss the computational assumptions that
		  have been used as bases for publickey encryption schemes,
		  and the types of evidence we have for the veracity of these
		  assumptions.",
  isbn		= "978-3-319-57048-8",
  doi		= "10.1007/978-3-319-57048-8_2",
  url		= "https://doi.org/10.1007/978-3-319-57048-8_2"
}

@Article{	  BaranDP08,
  author	= {Ilya Baran and Erik D. Demaine and Mihai Patrascu},
  title		= {Subquadratic Algorithms for 3SUM},
  journal	= {Algorithmica},
  volume	= {50},
  number	= {4},
  pages		= {584--596},
  year		= {2008},
  url		= {https://doi.org/10.1007/s00453-007-9036-3},
  doi		= {10.1007/s00453-007-9036-3},
  timestamp	= {Wed, 17 May 2017 14:25:13 +0200},
  biburl	= {http://dblp.org/rec/bib/journals/algorithmica/BaranDP08},
  bibsource	= {dblp computer science bibliography, http://dblp.org}
}

@InProceedings{	  BellareCK96,
  author	= {Mihir Bellare and Ran Canetti and Hugo Krawczyk},
  title		= {Pseudorandom Functions Revisited: The Cascade Construction
		  and Its Concrete Security},
  booktitle	= {37th Annual Symposium on Foundations of Computer Science,
		  {FOCS} '96, Burlington, Vermont, USA, 14-16 October, 1996},
  pages		= {514--523},
  year		= {1996},
  url		= {https://doi.org/10.1109/SFCS.1996.548510},
  doi		= {10.1109/SFCS.1996.548510},
  timestamp	= {Fri, 19 May 2017 01:25:59 +0200},
  biburl	= {https://dblp.org/rec/bib/conf/focs/BellareCK96},
  bibsource	= {dblp computer science bibliography, https://dblp.org}
}

@InProceedings{	  BellareDJR97,
  author	= {Mihir Bellare and Anand Desai and E. Jokipii and Phillip
		  Rogaway},
  title		= {A Concrete Security Treatment of Symmetric Encryption},
  booktitle	= {38th Annual Symposium on Foundations of Computer Science,
		  {FOCS} '97, Miami Beach, Florida, USA, October 19-22,
		  1997},
  pages		= {394--403},
  year		= {1997},
  url		= {https://doi.org/10.1109/SFCS.1997.646128},
  doi		= {10.1109/SFCS.1997.646128},
  timestamp	= {Fri, 19 May 2017 01:25:59 +0200},
  biburl	= {https://dblp.org/rec/bib/conf/focs/BellareDJR97},
  bibsource	= {dblp computer science bibliography, https://dblp.org}
}

@InProceedings{	  BellareGR95,
  author	= {Mihir Bellare and Roch Gu{\'{e}}rin and Phillip Rogaway},
  title		= {{XOR} MACs: New Methods for Message Authentication Using
		  Finite Pseudorandom Functions},
  booktitle	= {Advances in Cryptology - {CRYPTO} '95, 15th Annual
		  International Cryptology Conference, Santa Barbara,
		  California, USA, August 27-31, 1995, Proceedings},
  pages		= {15--28},
  year		= {1995},
  url		= {https://doi.org/10.1007/3-540-44750-4\_2},
  doi		= {10.1007/3-540-44750-4\_2},
  timestamp	= {Sat, 20 May 2017 15:32:52 +0200},
  biburl	= {https://dblp.org/rec/bib/conf/crypto/BellareGR95},
  bibsource	= {dblp computer science bibliography, https://dblp.org}
}

@InProceedings{	  BellareKR94,
  author	= {Mihir Bellare and Joe Kilian and Phillip Rogaway},
  title		= {The Security of Cipher Block Chaining},
  booktitle	= {Advances in Cryptology - {CRYPTO} '94, 14th Annual
		  International Cryptology Conference, Santa Barbara,
		  California, USA, August 21-25, 1994, Proceedings},
  pages		= {341--358},
  year		= {1994},
  url		= {https://doi.org/10.1007/3-540-48658-5\_32},
  doi		= {10.1007/3-540-48658-5\_32},
  timestamp	= {Wed, 14 Nov 2018 10:51:40 +0100},
  biburl	= {https://dblp.org/rec/bib/conf/crypto/BellareKR94},
  bibsource	= {dblp computer science bibliography, https://dblp.org}
}

@InProceedings{	  BellareR09,
  author	= {Mihir Bellare and Thomas Ristenpart},
  title		= {Simulation without the Artificial Abort: Simplified Proof
		  and Improved Concrete Security for Waters' {IBE} Scheme},
  booktitle	= {Advances in Cryptology - {EUROCRYPT} 2009, 28th Annual
		  International Conference on the Theory and Applications of
		  Cryptographic Techniques, Cologne, Germany, April 26-30,
		  2009. Proceedings},
  pages		= {407--424},
  year		= {2009},
  url		= {https://doi.org/10.1007/978-3-642-01001-9\_24},
  doi		= {10.1007/978-3-642-01001-9\_24},
  timestamp	= {Sat, 24 Nov 2018 11:59:26 +0100},
  biburl	= {https://dblp.org/rec/bib/conf/eurocrypt/BellareR09},
  bibsource	= {dblp computer science bibliography, https://dblp.org}
}

@InProceedings{	  BGI08,
  author	= {Eli Biham and Yaron J. Goren and Yuval Ishai},
  title		= {Basing Weak Public-Key Cryptography on Strong One-Way
		  Functions},
  booktitle	= {Theory of Cryptography, Fifth Theory of Cryptography
		  Conference, {TCC} 2008, New York, USA, March 19-21, 2008.},
  pages		= {55--72},
  year		= {2008},
  url		= {https://doi.org/10.1007/978-3-540-78524-8_4},
  doi		= {10.1007/978-3-540-78524-8_4},
  timestamp	= {Fri, 02 Jun 2017 13:01:06 +0200},
  biburl	= {http://dblp.org/rec/bib/conf/tcc/BihamGI08},
  bibsource	= {dblp computer science bibliography, http://dblp.org}
}

@InProceedings{	  BIN97,
  author	= {Bellare, Mihir and Impagliazzo, Russell and Naor, Moni},
  title		= {Does Parallel Repetition Lower the Error in
		  Computationally Sound Protocols?},
  booktitle	= {Proceedings of the 38th Annual Symposium on Foundations of
		  Computer Science},
  series	= {FOCS '97},
  year		= {1997},
  isbn		= {0-8186-8197-7},
  pages		= {374--},
  url		= {http://dl.acm.org/citation.cfm?id=795663.796361},
  acmid		= {796361},
  publisher	= {IEEE Computer Society},
  address	= {Washington, DC, USA}
}

@InProceedings{	  BLV19,
  author	= {Elette Boyle and Rio LaVigne and Vinod Vaikuntanathan},
  title		= {Adversarially Robust Property-Preserving Hash Functions},
  booktitle	= {10th Innovations in Theoretical Computer Science
		  Conference, {ITCS} 2019, January 10-12, 2019, San Diego,
		  California, {USA}},
  pages		= {16:1--16:20},
  year		= {2019},
  url		= {https://doi.org/10.4230/LIPIcs.ITCS.2019.16},
  doi		= {10.4230/LIPIcs.ITCS.2019.16},
  timestamp	= {Mon, 27 May 2019 15:36:31 +0200},
  biburl	= {https://dblp.org/rec/bib/conf/innovations/BoyleLV19},
  bibsource	= {dblp computer science bibliography, https://dblp.org}
}

@InProceedings{	  CarmosinoGIMPS16,
  author	= {Marco L. Carmosino and Jiawei Gao and Russell Impagliazzo
		  and Ivan Mihajlin and Ramamohan Paturi and Stefan
		  Schneider},
  title		= {Nondeterministic Extensions of the Strong Exponential Time
		  Hypothesis and Consequences for Non-reducibility},
  booktitle	= {Proceedings of the 2016 {ACM} Conference on Innovations in
		  Theoretical Computer Science, Cambridge, MA, USA, January
		  14-16, 2016},
  pages		= {261--270},
  year		= {2016}
}

@InProceedings{	  CarterW77,
  author	= {Larry Carter and Mark N. Wegman},
  title		= {Universal Classes of Hash Functions (Extended Abstract)},
  booktitle	= {Proceedings of the 9th Annual {ACM} Symposium on Theory of
		  Computing, May 4-6, 1977, Boulder, Colorado, {USA}},
  pages		= {106--112},
  year		= {1977}
}

###InProceedings{ CarterW77,
  author	= {Larry Carter and Mark N. Wegman},
  title		= {Universal Classes of Hash Functions (Extended Abstract)},
  booktitle	= {Proceedings of the 9th Annual {ACM} Symposium on Theory of
		  Computing, May 4-6, 1977, Boulder, Colorado, {USA}},
  pages		= {106--112},
  year		= {1977}
}

@InProceedings{	  Chan18,
  author	= {Timothy M. Chan},
  title		= {More Logarithmic-Factor Speedups for 3SUM, (median,
		  +)-Convolution, and Some Geometric 3SUM-Hard Problems},
  booktitle	= {Proceedings of the Twenty-Ninth Annual {ACM-SIAM}
		  Symposium on Discrete Algorithms, {SODA} 2018, New Orleans,
		  LA, USA, January 7-10, 2018},
  pages		= {881--897},
  year		= {2018},
  url		= {https://doi.org/10.1137/1.9781611975031.57},
  doi		= {10.1137/1.9781611975031.57},
  timestamp	= {Thu, 04 Jan 2018 13:55:11 +0100},
  biburl	= {http://dblp.org/rec/bib/conf/soda/Chan18},
  bibsource	= {dblp computer science bibliography, http://dblp.org}
}

@Article{	  CharikarCF04,
  author	= {Moses Charikar and Kevin C. Chen and Martin
		  Farach{-}Colton},
  title		= {Finding frequent items in data streams},
  journal	= {Theor. Comput. Sci.},
  volume	= {312},
  number	= {1},
  pages		= {3--15},
  year		= {2004}
}

###Article{	  CharikarCF04,
  author	= {Moses Charikar and Kevin C. Chen and Martin
		  Farach{-}Colton},
  title		= {Finding frequent items in data streams},
  journal	= {Theor. Comput. Sci.},
  volume	= {312},
  number	= {1},
  pages		= {3--15},
  year		= {2004}
}

@Article{	  ChenDS01,
  author	= {Chen, Scott Shaobing and Donoho, David L. and Saunders,
		  Michael A.},
  title		= {Atomic Decomposition by Basis Pursuit},
  journal	= {SIAM Rev.},
  issue_date	= {2001},
  volume	= {43},
  number	= {1},
  year		= {2001},
  issn		= {0036-1445},
  pages		= {129--159}
}

###Article{	  ChenDS01,
  author	= {Chen, Scott Shaobing and Donoho, David L. and Saunders,
		  Michael A.},
  title		= {Atomic Decomposition by Basis Pursuit},
  journal	= {SIAM Rev.},
  issue_date	= {2001},
  volume	= {43},
  number	= {1},
  year		= {2001},
  issn		= {0036-1445},
  pages		= {129--159}
}

@Article{	  CKGS98,
  author	= {Benny Chor and Eyal Kushilevitz and Oded Goldreich and
		  Madhu Sudan},
  title		= {Private Information Retrieval},
  journal	= {J. {ACM}},
  volume	= {45},
  number	= {6},
  pages		= {965--981},
  year		= {1998},
  url		= {http://doi.acm.org/10.1145/293347.293350},
  doi		= {10.1145/293347.293350},
  timestamp	= {Wed, 15 Nov 2017 19:50:09 +0100},
  biburl	= {https://dblp.org/rec/bib/journals/jacm/ChorKGS98},
  bibsource	= {dblp computer science bibliography, https://dblp.org}
}

@Article{	  CKS09,
  author	= {Cash, David and Kiltz, Eike and Shoup, Victor},
  title		= {The Twin Diffie\&\#x2013;Hellman Problem and Applications},
  journal	= {J. Cryptol.},
  issue_date	= {July 2009},
  volume	= {22},
  number	= {4},
  month		= jul,
  year		= {2009},
  issn		= {0933-2790},
  pages		= {470--504},
  numpages	= {35},
  url		= {http://dx.doi.org/10.1007/s00145-009-9041-6},
  doi		= {10.1007/s00145-009-9041-6},
  acmid		= {1614445},
  publisher	= {Springer-Verlag New York, Inc.},
  address	= {Secaucus, NJ, USA}
}

@incollection{colorcoding,
	author    = {Noga Alon and
	Raphael Yuster and
	Uri Zwick},
	title     = {Color Coding},
	booktitle = {Encyclopedia of Algorithms},
	pages     = {335--338},
	year      = {2016},
	url       = {https://doi.org/10.1007/978-1-4939-2864-4\_76},
	doi       = {10.1007/978-1-4939-2864-4\_76},
	timestamp = {Wed, 12 Jul 2017 09:11:55 +0200},
	biburl    = {https://dblp.org/rec/bib/reference/algo/AlonYZ16},
	bibsource = {dblp computer science bibliography, https://dblp.org},
	publisher = {Springer}
}



@Article{	  CormodeM05,
  author	= {Graham Cormode and S. Muthukrishnan},
  title		= {An improved data stream summary: the count-min sketch and
		  its applications},
  journal	= {J. Algorithms},
  volume	= {55},
  number	= {1},
  pages		= {58--75},
  year		= {2005},
  url		= {https://doi.org/10.1016/j.jalgor.2003.12.001},
  doi		= {10.1016/j.jalgor.2003.12.001},
  timestamp	= {Sun, 28 May 2017 13:24:58 +0200},
  biburl	= {http://dblp.org/rec/bib/journals/jal/CormodeM05},
  bibsource	= {dblp computer science bibliography, http://dblp.org}
}

###Article{	  CormodeM05,
  author	= {Graham Cormode and S. Muthukrishnan},
  title		= {An improved data stream summary: the count-min sketch and
		  its applications},
  journal	= {J. Algorithms},
  volume	= {55},
  number	= {1},
  pages		= {58--75},
  year		= {2005},
  url		= {https://doi.org/10.1016/j.jalgor.2003.12.001},
  doi		= {10.1016/j.jalgor.2003.12.001},
  timestamp	= {Sun, 28 May 2017 13:24:58 +0200},
  biburl	= {http://dblp.org/rec/bib/journals/jal/CormodeM05},
  bibsource	= {dblp computer science bibliography, http://dblp.org}
}

@InProceedings{	  CRVW02,
  author	= {Capalbo, Michael and Reingold, Omer and Vadhan, Salil and
		  Wigderson, Avi},
  title		= {Randomness Conductors and Constant-degree Lossless
		  Expanders},
  booktitle	= {Proceedings of the Thiry-fourth Annual ACM Symposium on
		  Theory of Computing},
  series	= {STOC '02},
  year		= {2002},
  isbn		= {1-58113-495-9},
  location	= {Montreal, Quebec, Canada},
  pages		= {659--668},
  numpages	= {10},
  url		= {http://doi.acm.org/10.1145/509907.510003},
  doi		= {10.1145/509907.510003},
  acmid		= {510003},
  publisher	= {ACM},
  address	= {New York, NY, USA},
  keywords	= {condensers, expander graphs, extractors, graph products}
}

###InProceedings{ CRVW02,
  author	= {Capalbo, Michael and Reingold, Omer and Vadhan, Salil and
		  Wigderson, Avi},
  title		= {Randomness Conductors and Constant-degree Lossless
		  Expanders},
  booktitle	= {Proceedings of the Thiry-fourth Annual ACM Symposium on
		  Theory of Computing},
  series	= {STOC '02},
  year		= {2002},
  isbn		= {1-58113-495-9},
  location	= {Montreal, Quebec, Canada},
  pages		= {659--668},
  numpages	= {10},
  url		= {http://doi.acm.org/10.1145/509907.510003},
  doi		= {10.1145/509907.510003},
  acmid		= {510003},
  publisher	= {ACM},
  address	= {New York, NY, USA},
  keywords	= {condensers, expander graphs, extractors, graph products}
}

@InProceedings{	  DBLP:conf/allerton/RamamoorthyS15,
  author	= {Sivaramakrishnan Natarajan Ramamoorthy and Makrand Sinha},
  title		= {On the communication complexity of greater-than},
  booktitle	= {53rd Annual Allerton Conference on Communication, Control,
		  and Computing, Allerton 2015, Allerton Park {\&} Retreat
		  Center, Monticello, IL, USA, September 29 - October 2,
		  2015},
  pages		= {442--444},
  year		= {2015}
}

###InProceedings{ DBLP:conf/allerton/RamamoorthyS15,
  author	= {Sivaramakrishnan Natarajan Ramamoorthy and Makrand Sinha},
  title		= {On the communication complexity of greater-than},
  booktitle	= {53rd Annual Allerton Conference on Communication, Control,
		  and Computing, Allerton 2015, Allerton Park {\&} Retreat
		  Center, Monticello, IL, USA, September 29 - October 2,
		  2015},
  pages		= {442--444},
  year		= {2015}
}

@InProceedings{	  DBLP:conf/focs/Yao83,
  author	= {Andrew Chi{-}Chih Yao},
  title		= {Lower Bounds by Probabilistic Arguments (Extended
		  Abstract)},
  booktitle	= {24th Annual Symposium on Foundations of Computer Science,
		  Tucson, Arizona, USA, 7-9 November 1983},
  pages		= {420--428},
  year		= {1983},
  crossref	= {DBLP:conf/focs/FOCS24},
  url		= {https://doi.org/10.1109/SFCS.1983.30},
  doi		= {10.1109/SFCS.1983.30},
  timestamp	= {Fri, 19 May 2017 01:26:00 +0200},
  biburl	= {http://dblp.org/rec/bib/conf/focs/Yao83},
  bibsource	= {dblp computer science bibliography, http://dblp.org}
}

###InProceedings{ DBLP:conf/focs/Yao83,
  author	= {Andrew Chi{-}Chih Yao},
  title		= {Lower Bounds by Probabilistic Arguments (Extended
		  Abstract)},
  booktitle	= {24th Annual Symposium on Foundations of Computer Science,
		  Tucson, Arizona, USA, 7-9 November 1983},
  pages		= {420--428},
  year		= {1983},
  crossref	= {DBLP:conf/focs/FOCS24},
  url		= {https://doi.org/10.1109/SFCS.1983.30},
  doi		= {10.1109/SFCS.1983.30},
  timestamp	= {Fri, 19 May 2017 01:26:00 +0200},
  biburl	= {http://dblp.org/rec/bib/conf/focs/Yao83},
  bibsource	= {dblp computer science bibliography, http://dblp.org}
}

@Proceedings{	  DBLP:conf/stoc/2013,
  editor	= {Dan Boneh and Tim Roughgarden and Joan Feigenbaum},
  title		= {Symposium on Theory of Computing Conference, STOC'13, Palo
		  Alto, CA, USA, June 1-4, 2013},
  publisher	= {{ACM}},
  year		= {2013},
  url		= {http://dl.acm.org/citation.cfm?id=2488608},
  isbn		= {978-1-4503-2029-0},
  timestamp	= {Sun, 26 May 2013 10:30:47 +0200},
  biburl	= {http://dblp.uni-trier.de/rec/bib/conf/stoc/2013},
  bibsource	= {dblp computer science bibliography, http://dblp.org}
}

###Proceedings{	  DBLP:conf/stoc/2013,
  editor	= {Dan Boneh and Tim Roughgarden and Joan Feigenbaum},
  title		= {Symposium on Theory of Computing Conference, STOC'13, Palo
		  Alto, CA, USA, June 1-4, 2013},
  publisher	= {{ACM}},
  year		= {2013},
  url		= {http://dl.acm.org/citation.cfm?id=2488608},
  isbn		= {978-1-4503-2029-0},
  timestamp	= {Sun, 26 May 2013 10:30:47 +0200},
  biburl	= {http://dblp.uni-trier.de/rec/bib/conf/stoc/2013},
  bibsource	= {dblp computer science bibliography, http://dblp.org}
}

@Article{	  DBLP:journals/scp/MisraG82,
  author	= {Jayadev Misra and David Gries},
  title		= {Finding Repeated Elements},
  journal	= {Sci. Comput. Program.},
  volume	= {2},
  number	= {2},
  pages		= {143--152},
  year		= {1982}
}

###Article{	  DBLP:journals/scp/MisraG82,
  author	= {Jayadev Misra and David Gries},
  title		= {Finding Repeated Elements},
  journal	= {Sci. Comput. Program.},
  volume	= {2},
  number	= {2},
  pages		= {143--152},
  year		= {1982}
}

@Article{	  DiffieHellman,
  author	= {Diffie, W. and Hellman, M.},
  title		= {New Directions in Cryptography},
  journal	= {IEEE Trans. Inf. Theor.},
  issue_date	= {November 1976},
  volume	= {22},
  number	= {6},
  month		= sep,
  year		= {2006},
  issn		= {0018-9448},
  pages		= {644--654},
  numpages	= {11},
  url		= {http://dx.doi.org/10.1109/TIT.1976.1055638},
  doi		= {10.1109/TIT.1976.1055638},
  acmid		= {2269104},
  publisher	= {IEEE Press},
  address	= {Piscataway, NJ, USA}
}

@InProceedings{	  DNR04,
  author	= "Dwork, Cynthia and Naor, Moni and Reingold, Omer",
  editor	= "Cachin, Christian and Camenisch, Jan L.",
  title		= "Immunizing Encryption Schemes from Decryption Errors",
  booktitle	= "Advances in Cryptology - EUROCRYPT 2004",
  year		= "2004",
  publisher	= "Springer Berlin Heidelberg",
  address	= "Berlin, Heidelberg",
  pages		= "342--360",
  abstract	= "We provide methods for transforming an encryption scheme
		  susceptible to decryption errors into one that is immune to
		  these errors. Immunity to decryption errors is vital when
		  constructing non-malleable and chosen ciphertext secure
		  encryption schemes via current techniques; in addition, it
		  may help defend against certain cryptanalytic techniques,
		  such as the attack of Proos [33] on the NTRU scheme.",
  isbn		= "978-3-540-24676-3"
}

@Article{	  DORS08,
  author	= {Dodis, Yevgeniy and Ostrovsky, Rafail and Reyzin, Leonid
		  and Smith, Adam},
  title		= {Fuzzy Extractors: How to Generate Strong Keys from
		  Biometrics and Other Noisy Data},
  journal	= {SIAM J. Comput.},
  issue_date	= {March 2008},
  volume	= {38},
  number	= {1},
  month		= mar,
  year		= {2008},
  issn		= {0097-5397},
  pages		= {97--139},
  numpages	= {43},
  url		= {http://dx.doi.org/10.1137/060651380},
  doi		= {10.1137/060651380},
  acmid		= {1405005},
  publisher	= {Society for Industrial and Applied Mathematics},
  address	= {Philadelphia, PA, USA},
  keywords	= {biometric authentication, error-correcting codes,
		  error-tolerance, fuzzy extractors, fuzzy fingerprints,
		  metric embeddings, nonuniformity, password-based systems,
		  randomness extractors}
}

###Article{	  DORS08,
  author	= {Dodis, Yevgeniy and Ostrovsky, Rafail and Reyzin, Leonid
		  and Smith, Adam},
  title		= {Fuzzy Extractors: How to Generate Strong Keys from
		  Biometrics and Other Noisy Data},
  journal	= {SIAM J. Comput.},
  issue_date	= {March 2008},
  volume	= {38},
  number	= {1},
  month		= mar,
  year		= {2008},
  issn		= {0097-5397},
  pages		= {97--139},
  numpages	= {43},
  url		= {http://dx.doi.org/10.1137/060651380},
  doi		= {10.1137/060651380},
  acmid		= {1405005},
  publisher	= {Society for Industrial and Applied Mathematics},
  address	= {Philadelphia, PA, USA},
  keywords	= {biometric authentication, error-correcting codes,
		  error-tolerance, fuzzy extractors, fuzzy fingerprints,
		  metric embeddings, nonuniformity, password-based systems,
		  randomness extractors}
}

@InProceedings{	  DubrovI06,
  author	= {Bella Dubrov and Yuval Ishai},
  title		= {On the randomness complexity of efficient sampling},
  booktitle	= {Proceedings of the 38th Annual {ACM} Symposium on Theory
		  of Computing, Seattle, WA, USA, May 21-23, 2006},
  pages		= {711--720},
  year		= {2006}
}

###InProceedings{ DubrovI06,
  author	= {Bella Dubrov and Yuval Ishai},
  title		= {On the randomness complexity of efficient sampling},
  booktitle	= {Proceedings of the 38th Annual {ACM} Symposium on Theory
		  of Computing, Seattle, WA, USA, May 21-23, 2006},
  pages		= {711--720},
  year		= {2006}
}

@InProceedings{	  Dumer,
  author	= {I. Dumer and A. A. Kovalev and L. P. Pryadko},
  booktitle	= {2016 IEEE International Symposium on Information Theory
		  (ISIT)},
  title		= {Distance verification for LDPC codes},
  year		= {2016},
  volume	= {},
  number	= {},
  pages		= {2529-2533},
  keywords	= {linear codes;parity check codes;LDPC code erasure
		  correcting threshold;complexity bound;distance verification
		  generic algorithm;exponential complexity reduction;linear
		  code;Cascading style sheets;Parity check codes;Distance
		  verification;LDPC codes;complexity bounds;covering
		  sets;erasure correction},
  doi		= {10.1109/ISIT.2016.7541755},
  issn		= {},
  month		= {July}
}

###InProceedings{ Dumer,
  author	= {I. Dumer and A. A. Kovalev and L. P. Pryadko},
  booktitle	= {2016 IEEE International Symposium on Information Theory
		  (ISIT)},
  title		= {Distance verification for LDPC codes},
  year		= {2016},
  volume	= {},
  number	= {},
  pages		= {2529-2533},
  keywords	= {linear codes;parity check codes;LDPC code erasure
		  correcting threshold;complexity bound;distance verification
		  generic algorithm;exponential complexity reduction;linear
		  code;Cascading style sheets;Parity check codes;Distance
		  verification;LDPC codes;complexity bounds;covering
		  sets;erasure correction},
  doi		= {10.1109/ISIT.2016.7541755},
  issn		= {},
  month		= {July}
}

@InProceedings{	  DVV16,
  author	= {Akshay Degwekar and Vinod Vaikuntanathan and Prashant
		  Nalini Vasudevan},
  title		= {Fine-Grained Cryptography},
  booktitle	= {Advances in Cryptology - {CRYPTO} 2016 - 36th Annual
		  International Cryptology Conference, Santa Barbara, CA,
		  USA, August 14-18, 2016, Proceedings, Part {III}},
  pages		= {533--562},
  year		= {2016},
  url		= {https://doi.org/10.1007/978-3-662-53015-3_19},
  doi		= {10.1007/978-3-662-53015-3_19},
  timestamp	= {Fri, 26 May 2017 00:50:21 +0200},
  biburl	= {http://dblp.org/rec/bib/conf/crypto/DegwekarVV16},
  bibsource	= {dblp computer science bibliography, http://dblp.org}
}

@InProceedings{	  eprintAvgCaseFG,
  author	= {Marshall Ball and Alon Rosen and Manuel Sabin and Prashant
		  Nalini Vasudevan},
  title		= {Proofs of Work From Worst-Case Assumptions},
  booktitle	= {Advances in Cryptology - {CRYPTO} 2018 - 38th Annual
		  International Cryptology Conference, Santa Barbara, CA,
		  USA, August 19-23, 2018, Proceedings, Part {I}},
  pages		= {789--819},
  year		= {2018},
  url		= {https://doi.org/10.1007/978-3-319-96884-1\_26},
  doi		= {10.1007/978-3-319-96884-1\_26},
  timestamp	= {Mon, 13 Aug 2018 13:58:01 +0200},
  biburl	= {https://dblp.org/rec/bib/conf/crypto/BallRSV18},
  bibsource	= {dblp computer science bibliography, https://dblp.org}
}

@InProceedings{	  FlajoletM83,
  author	= {Philippe Flajolet and G. Nigel Martin},
  title		= {Probabilistic Counting},
  booktitle	= {24th Annual Symposium on Foundations of Computer Science,
		  Tucson, Arizona, USA, 7-9 November 1983},
  pages		= {76--82},
  year		= {1983}
}

###InProceedings{ FlajoletM83,
  author	= {Philippe Flajolet and G. Nigel Martin},
  title		= {Probabilistic Counting},
  booktitle	= {24th Annual Symposium on Foundations of Computer Science,
		  Tucson, Arizona, USA, 7-9 November 1983},
  pages		= {76--82},
  year		= {1983}
}

@Misc{		  Gall,
  author	= {Robert Gallagher},
  title		= {Low-Density Parity-Check Codes},
  year		= {1963}
}

###Misc{	  Gall,
  author	= {Robert Gallagher},
  title		= {Low-Density Parity-Check Codes},
  year		= {1963}
}

@Article{	  GB16,
  author	= {Leonid Geller and David Burshtein},
  title		= {Bounds on the Belief Propagation Threshold of Non-Binary
		  {LDPC} Codes},
  journal	= {{IEEE} Trans. Information Theory},
  volume	= {62},
  number	= {5},
  pages		= {2639--2657},
  year		= {2016}
}

###Article{	  GB16,
  author	= {Leonid Geller and David Burshtein},
  title		= {Bounds on the Belief Propagation Threshold of Non-Binary
		  {LDPC} Codes},
  journal	= {{IEEE} Trans. Information Theory},
  volume	= {62},
  number	= {5},
  pages		= {2639--2657},
  year		= {2016}
}

@Article{	  GoldreichGM86,
  author	= {Oded Goldreich and Shafi Goldwasser and Silvio Micali},
  title		= {How to construct random functions},
  journal	= {J. {ACM}},
  volume	= {33},
  number	= {4},
  pages		= {792--807},
  year		= {1986}
}

###Article{	  GoldreichGM86,
  author	= {Oded Goldreich and Shafi Goldwasser and Silvio Micali},
  title		= {How to construct random functions},
  journal	= {J. {ACM}},
  volume	= {33},
  number	= {4},
  pages		= {792--807},
  year		= {1986}
}

@InProceedings{	  GT00,
  author	= {R. Gennaro and L. Trevisan},
  booktitle	= {Proceedings 41st Annual Symposium on Foundations of
		  Computer Science},
  title		= {Lower bounds on the efficiency of generic cryptographic
		  constructions},
  year		= {2000},
  volume	= {},
  number	= {},
  pages		= {305-313},
  keywords	= {cryptography;file organisation;random number
		  generation;Impagliazzo-Rudich model;black-box
		  access;generic cryptographic constructions;lower
		  bounds;one-way permutations;pseudo-random
		  generators;universal one-way hash
		  functions;Circuits;Cryptography;Digital
		  signatures;Polynomials;Security},
  doi		= {10.1109/SFCS.2000.892119},
  issn		= {0272-5428},
  month		= {}
}

@InProceedings{	  hardCoreBitsAndXorLemmaFromGL,
  author	= {Goldreich, O. and Levin, L. A.},
  title		= {A Hard-core Predicate for All One-way Functions},
  booktitle	= {Proceedings of the Twenty-first Annual ACM Symposium on
		  Theory of Computing},
  series	= {STOC '89},
  year		= {1989},
  isbn		= {0-89791-307-8},
  location	= {Seattle, Washington, USA},
  pages		= {25--32},
  numpages	= {8},
  url		= {http://doi.acm.org/10.1145/73007.73010},
  doi		= {10.1145/73007.73010},
  acmid		= {73010},
  publisher	= {ACM},
  address	= {New York, NY, USA}
}

@Article{	  HazanK11,
  author	= {Elad Hazan and Robert Krauthgamer},
  title		= {How Hard Is It to Approximate the Best Nash Equilibrium?},
  journal	= {{SIAM} J. Comput.},
  volume	= {40},
  number	= {1},
  pages		= {79--91},
  year		= {2011}
}

@Article{	  HS65,
  issn		= {00029947},
  url		= {http://www.jstor.org/stable/1994208},
  author	= {J. Hartmanis and R. E. Stearns},
  journal	= {Transactions of the American Mathematical Society},
  pages		= {285--306},
  publisher	= {American Mathematical Society},
  title		= {On the Computational Complexity of Algorithms},
  volume	= {117},
  year		= {1965}
}

@Article{	  HS66,
  author	= {Hennie, F. C. and Stearns, R. E.},
  title		= {Two-Tape Simulation of Multitape Turing Machines},
  journal	= {J. ACM},
  issue_date	= {Oct. 1966},
  volume	= {13},
  number	= {4},
  month		= oct,
  year		= {1966},
  issn		= {0004-5411},
  pages		= {533--546},
  numpages	= {14},
  url		= {http://doi.acm.org/10.1145/321356.321362},
  doi		= {10.1145/321356.321362},
  acmid		= {321362},
  publisher	= {ACM},
  address	= {New York, NY, USA}
}

@InProceedings{	  HW13,
  author	= {Moritz Hardt and David P. Woodruff},
  title		= {How robust are linear sketches to adaptive inputs?},
  booktitle	= {Symposium on Theory of Computing Conference, STOC'13, Palo
		  Alto, CA, USA, June 1-4, 2013},
  pages		= {121--130},
  year		= {2013},
  url		= {http://doi.acm.org/10.1145/2488608.2488624},
  doi		= {10.1145/2488608.2488624},
  timestamp	= {Sun, 26 May 2013 10:49:33 +0200},
  biburl	= {http://dblp.uni-trier.de/rec/bib/conf/stoc/HardtW13},
  bibsource	= {dblp computer science bibliography, http://dblp.org}
}

@InProceedings{	  icm-survey,
  author	= {Virginia {Vassilevska Williams}},
  title		= {On some fine-grained questions in algorithms and
		  complexity},
  year		= 2018,
  booktitle	= {Proceedings of the International Congress of
		  Mathematicians},
  pages		= {to appear}
}

@InProceedings{	  Impagliazzo5worlds,
  author	= {Russell Impagliazzo},
  title		= {A Personal View of Average-Case Complexity},
  booktitle	= {Proceedings of the Tenth Annual Structure in Complexity
		  Theory Conference, Minneapolis, Minnesota, USA, June 19-22,
		  1995},
  pages		= {134--147},
  year		= {1995},
  url		= {https://doi.org/10.1109/SCT.1995.514853},
  doi		= {10.1109/SCT.1995.514853},
  timestamp	= {Tue, 23 May 2017 01:06:05 +0200},
  biburl	= {https://dblp.org/rec/bib/conf/coco/Impagliazzo95},
  bibsource	= {dblp computer science bibliography, https://dblp.org}
}

@Article{	  IN02,
  author	= {Impagliazzo, Russell and Naor, Moni},
  year		= {2002},
  month		= {02},
  pages		= {},
  title		= {Efficient Cryptographic Schemes Provably as Secure as
		  Subset Sum},
  volume	= {9},
  journal	= {Journal of Cryptology}
}

@InProceedings{	  Indyk00,
  author	= {Piotr Indyk},
  title		= {Stable Distributions, Pseudorandom Generators, Embeddings
		  and Data Stream Computation},
  booktitle	= {41st Annual Symposium on Foundations of Computer Science,
		  {FOCS} 2000, 12-14 November 2000, Redondo Beach,
		  California, {USA}},
  pages		= {189--197},
  year		= {2000}
}

###InProceedings{ Indyk00,
  author	= {Piotr Indyk},
  title		= {Stable Distributions, Pseudorandom Generators, Embeddings
		  and Data Stream Computation},
  booktitle	= {41st Annual Symposium on Foundations of Computer Science,
		  {FOCS} 2000, 12-14 November 2000, Redondo Beach,
		  California, {USA}},
  pages		= {189--197},
  year		= {2000}
}

@InProceedings{	  IndykM98,
  author	= {Piotr Indyk and Rajeev Motwani},
  title		= {Approximate Nearest Neighbors: Towards Removing the Curse
		  of Dimensionality},
  booktitle	= {Proceedings of the Thirtieth Annual {ACM} Symposium on the
		  Theory of Computing, Dallas, Texas, USA, May 23-26, 1998},
  pages		= {604--613},
  year		= {1998}
}

###InProceedings{ IndykM98,
  author	= {Piotr Indyk and Rajeev Motwani},
  title		= {Approximate Nearest Neighbors: Towards Removing the Curse
		  of Dimensionality},
  booktitle	= {Proceedings of the Thirtieth Annual {ACM} Symposium on the
		  Theory of Computing, Dallas, Texas, USA, May 23-26, 1998},
  pages		= {604--613},
  year		= {1998}
}

@Article{	  Jerrum92,
  author	= {Mark Jerrum},
  title		= {Large Cliques Elude the Metropolis Process},
  journal	= {Random Struct. Algorithms},
  volume	= {3},
  number	= {4},
  pages		= {347--360},
  year		= {1992}
}

@Article{	  JKS08,
  author	= {T. S. Jayram and Ravi Kumar and D. Sivakumar},
  title		= {The One-Way Communication Complexity of Hamming Distance},
  journal	= {Theory of Computing},
  volume	= {4},
  number	= {1},
  pages		= {129--135},
  year		= {2008},
  url		= {https://doi.org/10.4086/toc.2008.v004a006},
  doi		= {10.4086/toc.2008.v004a006},
  timestamp	= {Wed, 17 May 2017 14:25:15 +0200},
  biburl	= {http://dblp.uni-trier.de/rec/bib/journals/toc/JayramKS08},
  bibsource	= {dblp computer science bibliography, http://dblp.org}
}

###Article{	  JKS08,
  author	= {T. S. Jayram and Ravi Kumar and D. Sivakumar},
  title		= {The One-Way Communication Complexity of Hamming Distance},
  journal	= {Theory of Computing},
  volume	= {4},
  number	= {1},
  pages		= {129--135},
  year		= {2008},
  url		= {https://doi.org/10.4086/toc.2008.v004a006},
  doi		= {10.4086/toc.2008.v004a006},
  timestamp	= {Wed, 17 May 2017 14:25:15 +0200},
  biburl	= {http://dblp.uni-trier.de/rec/bib/journals/toc/JayramKS08},
  bibsource	= {dblp computer science bibliography, http://dblp.org}
}

@Article{	  JP00,
  author	= "Juels, Ari and Peinado, Marcus",
  title		= "Hiding Cliques for Cryptographic Security",
  journal	= "Designs, Codes and Cryptography",
  year		= "2000",
  month		= "Jul",
  day		= "01",
  volume	= "20",
  number	= "3",
  pages		= "269--280",
  issn		= "1573-7586",
  doi		= "10.1023/A:1008374125234",
  url		= "https://doi.org/10.1023/A:1008374125234"
}

@InProceedings{	  KatzW03,
  author	= {Jonathan Katz and Nan Wang},
  title		= {Efficiency improvements for signature schemes with tight
		  security reductions},
  booktitle	= {Proceedings of the 10th {ACM} Conference on Computer and
		  Communications Security, {CCS} 2003, Washington, DC, USA,
		  October 27-30, 2003},
  pages		= {155--164},
  year		= {2003},
  url		= {https://doi.org/10.1145/948109.948132},
  doi		= {10.1145/948109.948132},
  timestamp	= {Tue, 06 Nov 2018 11:07:29 +0100},
  biburl	= {https://dblp.org/rec/bib/conf/ccs/KatzW03},
  bibsource	= {dblp computer science bibliography, https://dblp.org}
}

@Article{	  KKG18,
  author	= {Harini Kannan and Alexey Kurakin and Ian J. Goodfellow},
  title		= {Adversarial Logit Pairing},
  journal	= {CoRR},
  volume	= {abs/1803.06373},
  year		= {2018},
  url		= {http://arxiv.org/abs/1803.06373},
  archiveprefix	= {arXiv},
  eprint	= {1803.06373},
  timestamp	= {Mon, 13 Aug 2018 16:47:15 +0200},
  biburl	= {https://dblp.org/rec/bib/journals/corr/abs-1803-06373},
  bibsource	= {dblp computer science bibliography, https://dblp.org}
}

###Article{	  KKG18,
  author	= {Harini Kannan and Alexey Kurakin and Ian J. Goodfellow},
  title		= {Adversarial Logit Pairing},
  journal	= {CoRR},
  volume	= {abs/1803.06373},
  year		= {2018},
  url		= {http://arxiv.org/abs/1803.06373},
  archiveprefix	= {arXiv},
  eprint	= {1803.06373},
  timestamp	= {Mon, 13 Aug 2018 16:47:15 +0200},
  biburl	= {https://dblp.org/rec/bib/journals/corr/abs-1803-06373},
  bibsource	= {dblp computer science bibliography, https://dblp.org}
}

@InProceedings{	  KNR95,
  author	= {Kremer, Ilan and Nisan, Noam and Ron, Dana},
  title		= {On Randomized One-round Communication Complexity},
  booktitle	= {Proceedings of the Twenty-seventh Annual ACM Symposium on
		  Theory of Computing},
  series	= {STOC '95},
  year		= {1995},
  isbn		= {0-89791-718-9},
  location	= {Las Vegas, Nevada, USA},
  pages		= {596--605},
  numpages	= {10},
  url		= {http://doi.acm.org/10.1145/225058.225277},
  doi		= {10.1145/225058.225277},
  acmid		= {225277},
  publisher	= {ACM},
  address	= {New York, NY, USA}
}

###InProceedings{ KNR95,
  author	= {Kremer, Ilan and Nisan, Noam and Ron, Dana},
  title		= {On Randomized One-round Communication Complexity},
  booktitle	= {Proceedings of the Twenty-seventh Annual ACM Symposium on
		  Theory of Computing},
  series	= {STOC '95},
  year		= {1995},
  isbn		= {0-89791-718-9},
  location	= {Las Vegas, Nevada, USA},
  pages		= {596--605},
  numpages	= {10},
  url		= {http://doi.acm.org/10.1145/225058.225277},
  doi		= {10.1145/225058.225277},
  acmid		= {225277},
  publisher	= {ACM},
  address	= {New York, NY, USA}
}

@InProceedings{	  KopelowitzPP16,
  author	= {Tsvi Kopelowitz and Seth Pettie and Ely Porat},
  title		= {Higher Lower Bounds from the 3SUM Conjecture},
  booktitle	= {Proceedings of the Twenty-Seventh Annual {ACM-SIAM}
		  Symposium on Discrete Algorithms, {SODA} 2016, Arlington,
		  VA, USA, January 10-12, 2016},
  pages		= {1272--1287},
  year		= {2016},
  url		= {https://doi.org/10.1137/1.9781611974331.ch89},
  doi		= {10.1137/1.9781611974331.ch89},
  timestamp	= {Wed, 24 May 2017 08:31:21 +0200},
  biburl	= {http://dblp.org/rec/bib/conf/soda/KopelowitzPP16},
  bibsource	= {dblp computer science bibliography, http://dblp.org}
}

@InProceedings{	  KOR98,
  author	= {Kushilevitz, Eyal and Ostrovsky, Rafail and Rabani,
		  Yuval},
  title		= {Efficient Search for Approximate Nearest Neighbor in High
		  Dimensional Spaces},
  booktitle	= {Proceedings of the Thirtieth Annual ACM Symposium on
		  Theory of Computing},
  series	= {STOC '98},
  year		= {1998},
  isbn		= {0-89791-962-9},
  location	= {Dallas, Texas, USA},
  pages		= {614--623},
  numpages	= {10},
  url		= {http://doi.acm.org/10.1145/276698.276877},
  doi		= {10.1145/276698.276877},
  acmid		= {276877},
  publisher	= {ACM},
  address	= {New York, NY, USA}
}

###InProceedings{ KOR98,
  author	= {Kushilevitz, Eyal and Ostrovsky, Rafail and Rabani,
		  Yuval},
  title		= {Efficient Search for Approximate Nearest Neighbor in High
		  Dimensional Spaces},
  booktitle	= {Proceedings of the Thirtieth Annual ACM Symposium on
		  Theory of Computing},
  series	= {STOC '98},
  year		= {1998},
  isbn		= {0-89791-962-9},
  location	= {Dallas, Texas, USA},
  pages		= {614--623},
  numpages	= {10},
  url		= {http://doi.acm.org/10.1145/276698.276877},
  doi		= {10.1145/276698.276877},
  acmid		= {276877},
  publisher	= {ACM},
  address	= {New York, NY, USA}
}

@Article{	  Kucera95,
  author	= {Ludek Kucera},
  title		= {Expected Complexity of Graph Partitioning Problems},
  journal	= {Discrete Applied Mathematics},
  volume	= {57},
  number	= {2-3},
  pages		= {193--212},
  year		= {1995}
}

@Article{	  KW17,
  author	= {Daniel M. Kane and R. Ryan Williams},
  title		= {The Orthogonal Vectors Conjecture for Branching Programs
		  and Formulas},
  journal	= {CoRR},
  volume	= {abs/1709.05294},
  year		= {2017},
  url		= {http://arxiv.org/abs/1709.05294},
  archiveprefix	= {arXiv},
  eprint	= {1709.05294},
  timestamp	= {Mon, 13 Aug 2018 16:48:12 +0200},
  biburl	= {https://dblp.org/rec/bib/journals/corr/abs-1709-05294},
  bibsource	= {dblp computer science bibliography, https://dblp.org}
}

###Article{	  KW17,
  author	= {J. Zico Kolter and Eric Wong},
  title		= {Provable defenses against adversarial examples via the
		  convex outer adversarial polytope},
  journal	= {CoRR},
  volume	= {abs/1711.00851},
  year		= {2017},
  url		= {http://arxiv.org/abs/1711.00851},
  archiveprefix	= {arXiv},
  eprint	= {1711.00851},
  timestamp	= {Mon, 13 Aug 2018 16:49:09 +0200},
  biburl	= {https://dblp.org/rec/bib/journals/corr/abs-1711-00851},
  bibsource	= {dblp computer science bibliography, https://dblp.org}
}

###Article{	  KW17,
  author	= {J. Zico Kolter and Eric Wong},
  title		= {Provable defenses against adversarial examples via the
		  convex outer adversarial polytope},
  journal	= {CoRR},
  volume	= {abs/1711.00851},
  year		= {2017},
  url		= {http://arxiv.org/abs/1711.00851},
  archiveprefix	= {arXiv},
  eprint	= {1711.00851},
  timestamp	= {Mon, 13 Aug 2018 16:49:09 +0200},
  biburl	= {https://dblp.org/rec/bib/journals/corr/abs-1711-00851},
  bibsource	= {dblp computer science bibliography, https://dblp.org}
}

@Article{	  LB00,
  title		= {Adaptive estimation of a quadratic functional by model
		  selection},
  author	= {Laurent, Beatrice and Massart, Pascal},
  journal	= {Annals of Statistics},
  pages		= {1302--1338},
  year		= {2000},
  publisher	= {JSTOR}
}

###Article{	  LB00,
  title		= {Adaptive estimation of a quadratic functional by model
		  selection},
  author	= {Laurent, Beatrice and Massart, Pascal},
  journal	= {Annals of Statistics},
  pages		= {1302--1338},
  year		= {2000},
  publisher	= {JSTOR}
}

@InProceedings{	  legallMM,
  author	= {Fran{\c{c}}ois Le Gall},
  title		= {Powers of tensors and fast matrix multiplication},
  booktitle	= {International Symposium on Symbolic and Algebraic
		  Computation, {ISSAC} '14, Kobe, Japan, July 23-25, 2014},
  pages		= {296--303},
  year		= {2014},
  url		= {https://doi.org/10.1145/2608628.2608664},
  doi		= {10.1145/2608628.2608664},
  timestamp	= {Wed, 14 Nov 2018 10:56:26 +0100},
  biburl	= {https://dblp.org/rec/bib/conf/issac/Gall14a},
  bibsource	= {dblp computer science bibliography, https://dblp.org}
}

@Article{	  Lev73,
  author	= {Leonid A. Levin},
  title		= {On Storage Capacity of Algorithms},
  journal	= {Soviet Mathematics, Doklady},
  volume	= {14(5)},
  pages		= {1464-1466},
  year		= {1973}
}

@Book{		  Lindell,
  author	= {Lindell, Yehuda},
  title		= {Tutorials on the Foundations of Cryptography: Dedicated to
		  Oded Goldreich},
  year		= {2017},
  isbn		= {3319570471, 9783319570471},
  edition	= {1st},
  publisher	= {Springer Publishing Company, Incorporated}
}

@Article{	  Litsyn,
  author	= {S. Litsyn and V. Shevelev},
  journal	= {IEEE Transactions on Information Theory},
  title		= {On ensembles of low-density parity-check codes: asymptotic
		  distance distributions},
  year		= {2002},
  volume	= {48},
  number	= {4},
  pages		= {887-908},
  keywords	= {error detection codes;graph theory;matrix
		  algebra;LDPC;asymptotic distance distributions;average
		  distance distributions;binary parity-check
		  matrices;bipartite graphs;column sums;low-density
		  parity-check codes;row sums;Absorption;Bipartite graph;Code
		  standards;Iterative algorithms;Iterative
		  decoding;Mathematics;Maximum likelihood estimation;Parity
		  check codes;Performance analysis;Strips},
  doi		= {10.1109/18.992777},
  issn		= {0018-9448},
  month		= {Apr}
}

###Article{	  Litsyn,
  author	= {S. Litsyn and V. Shevelev},
  journal	= {IEEE Transactions on Information Theory},
  title		= {On ensembles of low-density parity-check codes: asymptotic
		  distance distributions},
  year		= {2002},
  volume	= {48},
  number	= {4},
  pages		= {887-908},
  keywords	= {error detection codes;graph theory;matrix
		  algebra;LDPC;asymptotic distance distributions;average
		  distance distributions;binary parity-check
		  matrices;bipartite graphs;column sums;low-density
		  parity-check codes;row sums;Absorption;Bipartite graph;Code
		  standards;Iterative algorithms;Iterative
		  decoding;Mathematics;Maximum likelihood estimation;Parity
		  check codes;Performance analysis;Strips},
  doi		= {10.1109/18.992777},
  issn		= {0018-9448},
  month		= {Apr}
}

@InProceedings{	  LLMMMT18,
  author	= {Rio LaVigne and Chen{-}Da Liu Zhang and Ueli Maurer and
		  Tal Moran and Marta Mularczyk and Daniel Tschudi},
  title		= {Topology-Hiding Computation Beyond Semi-Honest
		  Adversaries},
  booktitle	= {Theory of Cryptography - 16th International Conference,
		  {TCC} 2018, Panaji, India, November 11-14, 2018,
		  Proceedings, Part {II}},
  pages		= {3--35},
  year		= {2018},
  url		= {https://doi.org/10.1007/978-3-030-03810-6\_1},
  doi		= {10.1007/978-3-030-03810-6\_1},
  timestamp	= {Tue, 14 May 2019 10:00:47 +0200},
  biburl	= {https://dblp.org/rec/bib/conf/tcc/LaVigneZMMMT18},
  bibsource	= {dblp computer science bibliography, https://dblp.org}
}

@InProceedings{	  LLMMMT20,
	author	= {Rio LaVigne and Chen{-}Da Liu Zhang and Ueli Maurer and
	Tal Moran and Marta Mularczyk and Daniel Tschudi},
	title		= {Topology-Hiding Computation for Networks with Unknown Delays},
	booktitle	= {To appear in Public Key Cryptography {PKC} 2020,
	Edinburgh, Scotland, May 4-7, 2020},
	year		= {2020},
	url		= {https://doi.org/10.1007/978-3-030-03810-6\_1},
	doi		= {10.1007/978-3-030-03810-6\_1},
}


@Article{	  LLVW19,
  author	= {Rio LaVigne and Andrea Lincoln and Virginia Vassilevska
		  Williams},
  title		= {Public-Key Cryptography in the Fine-Grained Setting},
  journal	= {{IACR} Cryptology ePrint Archive},
  volume	= {2019},
  pages		= {625},
  year		= {2019},
  url		= {https://eprint.iacr.org/2019/625},
  timestamp	= {Fri, 07 Jun 2019 09:03:47 +0200},
  biburl	= {https://dblp.org/rec/bib/journals/iacr/LaVigneLW19},
  bibsource	= {dblp computer science bibliography, https://dblp.org}
}

@InProceedings{	  LPS10,
  author	= {Lyubashevsky, Vadim and Palacio, Adriana and Segev, Gil},
  title		= {Public-key Cryptographic Primitives Provably As Secure As
		  Subset Sum},
  booktitle	= {Proceedings of the 7th International Conference on Theory
		  of Cryptography},
  series	= {TCC'10},
  year		= {2010},
  isbn		= {3-642-11798-8, 978-3-642-11798-5},
  location	= {Zurich, Switzerland},
  pages		= {382--400},
  numpages	= {19},
  url		= {http://dx.doi.org/10.1007/978-3-642-11799-2_23},
  doi		= {10.1007/978-3-642-11799-2_23},
  acmid		= {2128087},
  publisher	= {Springer-Verlag},
  address	= {Berlin, Heidelberg}
}

@Article{	  Merkle78,
  author	= {Merkle, Ralph C.},
  title		= {Secure Communications over Insecure Channels},
  journal	= {Commun. ACM},
  issue_date	= {April 1978},
  volume	= {21},
  number	= {4},
  month		= apr,
  year		= {1978},
  issn		= {0001-0782},
  pages		= {294--299},
  numpages	= {6},
  url		= {http://doi.acm.org/10.1145/359460.359473},
  doi		= {10.1145/359460.359473},
  acmid		= {359473},
  publisher	= {ACM},
  address	= {New York, NY, USA},
  keywords	= {communications security, computer network security,
		  cryptography, cryptology, key distribution, passive
		  eavesdropping, public key cryptosystem, security, wiretap}
}

@Article{	  MMSTV07,
  author	= {Aleksander Madry and Aleksandar Makelov and Ludwig Schmidt
		  and Dimitris Tsipras and Adrian Vladu},
  title		= {Towards Deep Learning Models Resistant to Adversarial
		  Attacks},
  journal	= {CoRR},
  volume	= {abs/1706.06083},
  year		= {2017},
  url		= {http://arxiv.org/abs/1706.06083},
  archiveprefix	= {arXiv},
  eprint	= {1706.06083},
  timestamp	= {Mon, 13 Aug 2018 01:00:00 +0200},
  biburl	= {https://dblp.org/rec/bib/journals/corr/MadryMSTV17},
  bibsource	= {dblp computer science bibliography, https://dblp.org}
}

###Article{	  MMSTV07,
  author	= {Aleksander Madry and Aleksandar Makelov and Ludwig Schmidt
		  and Dimitris Tsipras and Adrian Vladu},
  title		= {Towards Deep Learning Models Resistant to Adversarial
		  Attacks},
  journal	= {CoRR},
  volume	= {abs/1706.06083},
  year		= {2017},
  url		= {http://arxiv.org/abs/1706.06083},
  archiveprefix	= {arXiv},
  eprint	= {1706.06083},
  timestamp	= {Mon, 13 Aug 2018 01:00:00 +0200},
  biburl	= {https://dblp.org/rec/bib/journals/corr/MadryMSTV17},
  bibsource	= {dblp computer science bibliography, https://dblp.org}
}

@InProceedings{	  MNS08,
  author	= {Ilya Mironov and Moni Naor and Gil Segev},
  title		= {Sketching in adversarial environments},
  booktitle	= {Proceedings of the 40th Annual {ACM} Symposium on Theory
		  of Computing, Victoria, British Columbia, Canada, May
		  17-20, 2008},
  pages		= {651--660},
  year		= {2008}
}

###InProceedings{ MNS08,
  author	= {Ilya Mironov and Moni Naor and Gil Segev},
  title		= {Sketching in adversarial environments},
  booktitle	= {Proceedings of the 40th Annual {ACM} Symposium on Theory
		  of Computing, Victoria, British Columbia, Canada, May
		  17-20, 2008},
  pages		= {651--660},
  year		= {2008}
}

@InProceedings{	  MOR15,
  author	= {Tal Moran and Ilan Orlov and Silas Richelson},
  title		= {Topology-Hiding Computation},
  booktitle	= {Theory of Cryptography - 12th Theory of Cryptography
		  Conference, {TCC} 2015, Warsaw, Poland, March 23-25, 2015,
		  Proceedings, Part {I}},
  pages		= {159--181},
  year		= {2015},
  url		= {https://doi.org/10.1007/978-3-662-46494-6\_8},
  doi		= {10.1007/978-3-662-46494-6\_8},
  timestamp	= {Tue, 20 Aug 2019 15:27:43 +0200},
  biburl	= {https://dblp.org/rec/bib/conf/tcc/MoranOR15},
  bibsource	= {dblp computer science bibliography, https://dblp.org}
}

@Article{	  MunroP80,
  author	= {J. Ian Munro and Mike Paterson},
  title		= {Selection and Sorting with Limited Storage},
  journal	= {Theor. Comput. Sci.},
  volume	= {12},
  pages		= {315--323},
  year		= {1980}
}

###Article{	  MunroP80,
  author	= {J. Ian Munro and Mike Paterson},
  title		= {Selection and Sorting with Limited Storage},
  journal	= {Theor. Comput. Sci.},
  volume	= {12},
  pages		= {315--323},
  year		= {1980}
}

@InProceedings{	  NaorY89,
  author	= {Moni Naor and Moti Yung},
  title		= {Universal One-Way Hash Functions and their Cryptographic
		  Applications},
  booktitle	= {Proceedings of the 21st Annual {ACM} Symposium on Theory
		  of Computing, May 14-17, 1989, Seattle, Washigton, {USA}},
  pages		= {33--43},
  year		= {1989}
}

###InProceedings{ NaorY89,
  author	= {Moni Naor and Moti Yung},
  title		= {Universal One-Way Hash Functions and their Cryptographic
		  Applications},
  booktitle	= {Proceedings of the 21st Annual {ACM} Symposium on Theory
		  of Computing, May 14-17, 1989, Seattle, Washigton, {USA}},
  pages		= {33--43},
  year		= {1989}
}

@InProceedings{	  NIKE'13,
  author	= {Eduarda S. V. Freire and Dennis Hofheinz and Eike Kiltz
		  and Kenneth G. Paterson},
  title		= {Non-Interactive Key Exchange},
  booktitle	= {Public-Key Cryptography - {PKC} 2013 - 16th International
		  Conference on Practice and Theory in Public-Key
		  Cryptography, Nara, Japan, February 26 - March 1, 2013.
		  Proceedings},
  pages		= {254--271},
  year		= {2013},
  crossref	= {DBLP:conf/pkc/2013},
  url		= {https://doi.org/10.1007/978-3-642-36362-7_17},
  doi		= {10.1007/978-3-642-36362-7_17},
  timestamp	= {Wed, 24 May 2017 08:27:51 +0200},
  biburl	= {http://dblp.org/rec/bib/conf/pkc/FreireHKP13},
  bibsource	= {dblp computer science bibliography, http://dblp.org}
}

@InProceedings{	  NY15,
  author	= {Moni Naor and Eylon Yogev},
  title		= {Bloom Filters in Adversarial Environments},
  booktitle	= {Advances in Cryptology - {CRYPTO} 2015 - 35th Annual
		  Cryptology Conference, Santa Barbara, CA, USA, August
		  16-20, 2015, Proceedings, Part {II}},
  pages		= {565--584},
  year		= {2015}
}

###InProceedings{ NY15,
  author	= {Moni Naor and Eylon Yogev},
  title		= {Bloom Filters in Adversarial Environments},
  booktitle	= {Advances in Cryptology - {CRYPTO} 2015 - 35th Annual
		  Cryptology Conference, Santa Barbara, CA, USA, August
		  16-20, 2015, Proceedings, Part {II}},
  pages		= {565--584},
  year		= {2015}
}

@InProceedings{	  optimalMerklePuzzles,
  author	= {Boaz Barak and Mohammad Mahmoody{-}Ghidary},
  title		= {Merkle Puzzles Are Optimal - An
		  \emph{O}(\emph{n}\({}^{\mbox{2}}\))-Query Attack on Any Key
		  Exchange from a Random Oracle},
  booktitle	= {Advances in Cryptology - {CRYPTO} 2009, 29th Annual
		  International Cryptology Conference, Santa Barbara, CA,
		  USA, August 16-20, 2009. Proceedings},
  pages		= {374--390},
  year		= {2009},
  url		= {https://doi.org/10.1007/978-3-642-03356-8_22},
  doi		= {10.1007/978-3-642-03356-8_22},
  timestamp	= {Fri, 26 May 2017 00:50:21 +0200},
  biburl	= {http://dblp.org/rec/bib/conf/crypto/BarakM09},
  bibsource	= {dblp computer science bibliography, http://dblp.org}
}

@InProceedings{	  Patrascu10,
  author	= {Mihai Patrascu},
  title		= {Towards polynomial lower bounds for dynamic problems},
  booktitle	= {Proceedings of the 42nd {ACM} Symposium on Theory of
		  Computing, {STOC} 2010, Cambridge, Massachusetts, USA, 5-8
		  June 2010},
  pages		= {603--610},
  year		= {2010},
  url		= {http://doi.acm.org/10.1145/1806689.1806772},
  doi		= {10.1145/1806689.1806772},
  timestamp	= {Fri, 12 Oct 2012 12:16:22 +0200},
  biburl	= {http://dblp.org/rec/bib/conf/stoc/Patrascu10},
  bibsource	= {dblp computer science bibliography, http://dblp.org}
}

@Article{	  PeresSSZ13,
  author	= {Yuval Peres and Dmitry Sotnikov and Benny Sudakov and Uri
		  Zwick},
  title		= {All-pairs shortest paths in
		  \emph{O}(\emph{n}\({}^{\mbox{2}}\)) time with high probability},
  journal	= {J. {ACM}},
  volume	= {60},
  number	= {4},
  pages		= {26:1--26:25},
  year		= {2013}
}

@InProceedings{	  Regev05,
  author	= {Regev, Oded},
  title		= {On Lattices, Learning with Errors, Random Linear Codes,
		  and Cryptography},
  booktitle	= {Proceedings of the Thirty-seventh Annual ACM Symposium on
		  Theory of Computing},
  series	= {STOC '05},
  year		= {2005},
  isbn		= {1-58113-960-8},
  location	= {Baltimore, MD, USA},
  pages		= {84--93},
  numpages	= {10},
  url		= {http://doi.acm.org/10.1145/1060590.1060603},
  doi		= {10.1145/1060590.1060603},
  acmid		= {1060603},
  publisher	= {ACM},
  address	= {New York, NY, USA},
  keywords	= {computational learning theory, cryptography, lattices,
		  public key encryption, quantum computing, statistical
		  queries}
}

@InProceedings{	  RR94,
  author	= {Alexander A. Razborov and Steven Rudich},
  title		= {Natural proofs},
  booktitle	= {Proceedings of the Twenty-Sixth Annual {ACM} Symposium on
		  Theory of Computing, 23-25 May 1994, Montr{\'{e}}al,
		  Qu{\'{e}}bec, Canada},
  pages		= {204--213},
  year		= {1994},
  url		= {http://doi.acm.org/10.1145/195058.195134},
  doi		= {10.1145/195058.195134},
  timestamp	= {Thu, 16 Feb 2012 12:10:17 +0100},
  biburl	= {https://dblp.org/rec/bib/conf/stoc/RazborovR94},
  bibsource	= {dblp computer science bibliography, https://dblp.org}
}

@Article{	  rsa,
  author	= {Rivest, R. L. and Shamir, A. and Adleman, L.},
  title		= {A Method for Obtaining Digital Signatures and Public-key
		  Cryptosystems},
  journal	= {Commun. ACM},
  issue_date	= {Feb. 1978},
  volume	= {21},
  number	= {2},
  month		= feb,
  year		= {1978},
  issn		= {0001-0782},
  pages		= {120--126},
  numpages	= {7},
  url		= {http://doi.acm.org/10.1145/359340.359342},
  doi		= {10.1145/359340.359342},
  acmid		= {359342},
  publisher	= {ACM},
  address	= {New York, NY, USA},
  keywords	= {authentication, cryptography, digital signatures,
		  electronic funds transfer, electronic mail, factorization,
		  message-passing, prime number, privacy, public-key
		  cryptosystems, security}
}

@Article{	  RSL18,
  author	= {Aditi Raghunathan and Jacob Steinhardt and Percy Liang},
  title		= {Certified Defenses against Adversarial Examples},
  journal	= {CoRR},
  volume	= {abs/1801.09344},
  year		= {2018},
  url		= {http://arxiv.org/abs/1801.09344},
  archiveprefix	= {arXiv},
  eprint	= {1801.09344},
  timestamp	= {Mon, 13 Aug 2018 16:48:13 +0200},
  biburl	= {https://dblp.org/rec/bib/journals/corr/abs-1801-09344},
  bibsource	= {dblp computer science bibliography, https://dblp.org}
}

###Article{	  RSL18,
  author	= {Aditi Raghunathan and Jacob Steinhardt and Percy Liang},
  title		= {Certified Defenses against Adversarial Examples},
  journal	= {CoRR},
  volume	= {abs/1801.09344},
  year		= {2018},
  url		= {http://arxiv.org/abs/1801.09344},
  archiveprefix	= {arXiv},
  eprint	= {1801.09344},
  timestamp	= {Mon, 13 Aug 2018 16:48:13 +0200},
  biburl	= {https://dblp.org/rec/bib/journals/corr/abs-1801-09344},
  bibsource	= {dblp computer science bibliography, https://dblp.org}
}

@InProceedings{	  RW02,
  author	= {Russell, Alexander and Wang, Hong},
  title		= {How to Fool an Unbounded Adversary with a Short Key},
  booktitle	= {Proceedings of the International Conference on the Theory
		  and Applications of Cryptographic Techniques: Advances in
		  Cryptology},
  series	= {EUROCRYPT '02},
  year		= {2002},
  isbn		= {3-540-43553-0},
  pages		= {133--148},
  numpages	= {16},
  url		= {http://dl.acm.org/citation.cfm?id=647087.757013},
  acmid		= {757013},
  publisher	= {Springer-Verlag},
  address	= {London, UK, UK}
}

@InProceedings{	  Shor,
  author	= {Shor, P. W.},
  title		= {Algorithms for Quantum Computation: Discrete Logarithms
		  and Factoring},
  booktitle	= {Proceedings of the 35th Annual Symposium on Foundations of
		  Computer Science},
  series	= {SFCS '94},
  year		= {1994},
  isbn		= {0-8186-6580-7},
  pages		= {124--134},
  numpages	= {11},
  url		= {https://doi.org/10.1109/SFCS.1994.365700},
  doi		= {10.1109/SFCS.1994.365700},
  acmid		= {1399018},
  publisher	= {IEEE Computer Society},
  address	= {Washington, DC, USA},
  keywords	= {cryptosystems, quantum computation algorithms, discrete
		  logarithms, factoring, physical computational device,
		  polynomial factor, Las Vegas algorithms, quantum computer}
}

@Article{	  SND17,
  author	= {Aman Sinha and Hongseok Namkoong and John C. Duchi},
  title		= {Certifiable Distributional Robustness with Principled
		  Adversarial Training},
  journal	= {CoRR},
  volume	= {abs/1710.10571},
  year		= {2017},
  url		= {http://arxiv.org/abs/1710.10571},
  archiveprefix	= {arXiv},
  eprint	= {1710.10571},
  timestamp	= {Mon, 13 Aug 2018 16:48:34 +0200},
  biburl	= {https://dblp.org/rec/bib/journals/corr/abs-1710-10571},
  bibsource	= {dblp computer science bibliography, https://dblp.org}
}

###Article{	  SND17,
  author	= {Aman Sinha and Hongseok Namkoong and John C. Duchi},
  title		= {Certifiable Distributional Robustness with Principled
		  Adversarial Training},
  journal	= {CoRR},
  volume	= {abs/1710.10571},
  year		= {2017},
  url		= {http://arxiv.org/abs/1710.10571},
  archiveprefix	= {arXiv},
  eprint	= {1710.10571},
  timestamp	= {Mon, 13 Aug 2018 16:48:34 +0200},
  biburl	= {https://dblp.org/rec/bib/journals/corr/abs-1710-10571},
  bibsource	= {dblp computer science bibliography, https://dblp.org}
}

@InProceedings{	  sparseGraphsLVWW,
  author	= {Andrea Lincoln and Virginia Vassilevska Williams and R.
		  Ryan Williams},
  title		= {Tight Hardness for Shortest Cycles and Paths in Sparse
		  Graphs},
  booktitle	= {Proceedings of the Twenty-Ninth Annual {ACM-SIAM}
		  Symposium on Discrete Algorithms, {SODA} 2018, New Orleans,
		  LA, USA, January 7-10, 2018},
  pages		= {1236--1252},
  year		= {2018},
  url		= {https://doi.org/10.1137/1.9781611975031.80},
  doi		= {10.1137/1.9781611975031.80},
  timestamp	= {Fri, 05 Jan 2018 06:47:54 +0100},
  biburl	= {http://dblp.org/rec/bib/conf/soda/LincolnWW18},
  bibsource	= {dblp computer science bibliography, http://dblp.org}
}

@InProceedings{	  treeEditDistance,
  author	= {Karl Bringmann and Pawel Gawrychowski and Shay Mozes and
		  Oren Weimann},
  title		= {Tree Edit Distance Cannot be Computed in Strongly Subcubic
		  Time (unless {APSP} can)},
  booktitle	= {Proceedings of the Twenty-Ninth Annual {ACM-SIAM}
		  Symposium on Discrete Algorithms, {SODA} 2018, New Orleans,
		  LA, USA, January 7-10, 2018},
  pages		= {1190--1206},
  year		= {2018},
  url		= {https://doi.org/10.1137/1.9781611975031.77},
  doi		= {10.1137/1.9781611975031.77},
  timestamp	= {Thu, 04 Jan 2018 13:55:11 +0100},
  biburl	= {http://dblp.org/rec/bib/conf/soda/BringmannGMW18},
  bibsource	= {dblp computer science bibliography, http://dblp.org}
}

@Unpublished{	  Tse56,
  author	= {Tseitin, G. S.},
  title = {On the complexity of derivation in propositional calculus},
  institution	= {Moscow University},
  howpublished	= {Lecture},
  year		= {1956},
  url      = {http://www.decision-procedures.org/handouts/Tseitin70.pdf},
  note		= {Presented in the Leningrad Seminar on Mathematical Logic}
}

@Article{	  Valiant15,
  author	= {Gregory Valiant},
  title		= {Finding Correlations in Subquadratic Time, with
		  Applications to Learning Parities and the Closest Pair
		  Problem},
  journal	= {J. {ACM}},
  volume	= {62},
  number	= {2},
  pages		= {13:1--13:45},
  year		= {2015}
}

@InProceedings{	  Vaz87,
  author	= {Vazirani, U.},
  title		= {Efficiency Considerations in Using Semi-random Sources},
  booktitle	= {Proceedings of the Nineteenth Annual ACM Symposium on
		  Theory of Computing},
  series	= {STOC '87},
  year		= {1987},
  isbn		= {0-89791-221-7},
  location	= {New York, New York, USA},
  pages		= {160--168},
  numpages	= {9},
  url		= {http://doi.acm.org/10.1145/28395.28413},
  doi		= {10.1145/28395.28413},
  acmid		= {28413},
  publisher	= {ACM},
  address	= {New York, NY, USA}
}

@InProceedings{	  virgi10,
  author	= {Virginia Vassilevska Williams and Ryan Williams},
  title		= {Subcubic Equivalences between Path, Matrix and Triangle
		  Problems},
  booktitle	= {51th Annual {IEEE} Symposium on Foundations of Computer
		  Science, {FOCS} 2010, October 23-26, 2010, Las Vegas,
		  Nevada, {USA}},
  pages		= {645--654},
  year		= {2010},
  url		= {https://doi.org/10.1109/FOCS.2010.67},
  doi		= {10.1109/FOCS.2010.67},
  timestamp	= {Fri, 19 May 2017 01:25:59 +0200},
  biburl	= {https://dblp.org/rec/bib/conf/focs/WilliamsW10},
  bibsource	= {dblp computer science bibliography, https://dblp.org}
}

@InProceedings{	  VVWmmfaster,
  author	= {Virginia Vassilevska Williams},
  title		= {Multiplying matrices faster than coppersmith-winograd},
  booktitle	= {Proceedings of the 44th Symposium on Theory of Computing
		  Conference, {STOC} 2012, New York, NY, USA, May 19 - 22,
		  2012},
  pages		= {887--898},
  year		= {2012},
  url		= {https://doi.org/10.1145/2213977.2214056},
  doi		= {10.1145/2213977.2214056},
  timestamp	= {Wed, 14 Nov 2018 10:51:36 +0100},
  biburl	= {https://dblp.org/rec/bib/conf/stoc/Williams12},
  bibsource	= {dblp computer science bibliography, https://dblp.org}
}

@InProceedings{	  WeakToStrongOWFs,
  author	= {O. Goldreich and R. Impagliazzo and L. Levin and R.
		  Venkatesan and D. Zuckerman},
  booktitle	= {Proceedings [1990] 31st Annual Symposium on Foundations of
		  Computer Science},
  title		= {Security preserving amplification of hardness},
  year		= {1990},
  volume	= {},
  number	= {},
  pages		= {318-326 vol.1},
  keywords	= {security of data;hardness;inverting algorithm;polynomial
		  fraction;pseudorandom generators;regular one-way
		  function;security preserving amplification;signatures;weak
		  one-way function;Computer science;Cryptographic
		  protocols;Cryptography;National security;Polynomials;Sun},
  doi		= {10.1109/FSCS.1990.89550},
  issn		= {},
  month		= {Oct}
}

###InProceedings{ WeakToStrongOWFs,
  author	= {O. Goldreich and R. Impagliazzo and L. Levin and R.
		  Venkatesan and D. Zuckerman},
  booktitle	= {Proceedings [1990] 31st Annual Symposium on Foundations of
		  Computer Science},
  title		= {Security preserving amplification of hardness},
  year		= {1990},
  volume	= {},
  number	= {},
  pages		= {318-326 vol.1},
  keywords	= {security of data;hardness;inverting algorithm;polynomial
		  fraction;pseudorandom generators;regular one-way
		  function;security preserving amplification;signatures;weak
		  one-way function;Computer science;Cryptographic
		  protocols;Cryptography;National security;Polynomials;Sun},
  doi		= {10.1109/FSCS.1990.89550},
  issn		= {},
  month		= {Oct}
}

@Article{	  WilliamsW13j,
  author	= {Virginia Vassilevska Williams and Ryan Williams},
  title		= {Finding, Minimizing, and Counting Weighted Subgraphs},
  journal	= {{SIAM} J. Comput.},
  volume	= {42},
  number	= {3},
  pages		= {831--854},
  year		= {2013}
}

@InProceedings{	  Woodruff04,
  author	= {Woodruff, David},
  title		= {Optimal Space Lower Bounds for All Frequency Moments},
  booktitle	= {Proceedings of the Fifteenth Annual ACM-SIAM Symposium on
		  Discrete Algorithms},
  series	= {SODA '04},
  year		= {2004},
  isbn		= {0-89871-558-X},
  location	= {New Orleans, Louisiana},
  pages		= {167--175},
  numpages	= {9},
  url		= {http://dl.acm.org/citation.cfm?id=982792.982817},
  acmid		= {982817},
  publisher	= {Society for Industrial and Applied Mathematics},
  address	= {Philadelphia, PA, USA}
}


@PhDThesis{	  Woodruff07,
  author	= {David P. Woodruff},
  title		= {Efficient and private distance approximation in the
		  communication and streaming models},
  school	= {Massachusetts Institute of Technology, Cambridge, MA,
		  {USA}},
  year		= {2007},
  url		= {http://hdl.handle.net/1721.1/42243},
  timestamp	= {Tue, 11 Apr 2017 01:00:00 +0200},
  biburl	= {http://dblp.uni-trier.de/rec/bib/phd/ndltd/Woodruff07},
  bibsource	= {dblp computer science bibliography, http://dblp.org}
}


@InProceedings{	  xorLemmaVazirani,
  author	= {Umesh V. Vazirani and Vijay V. Vazirani},
  title		= {Efficient and Secure Pseudo-Random Number Generation},
  booktitle	= {Advances in Cryptology, Proceedings of {CRYPTO} '84, Santa
		  Barbara, California, USA, August 19-22, 1984, Proceedings},
  pages		= {193--202},
  year		= {1984},
  crossref	= {DBLP:conf/crypto/1984},
  url		= {https://doi.org/10.1007/3-540-39568-7_17},
  doi		= {10.1007/3-540-39568-7_17},
  timestamp	= {Fri, 19 May 2017 12:26:22 +0200},
  biburl	= {http://dblp.org/rec/bib/conf/crypto/VaziraniV84},
  bibsource	= {dblp computer science bibliography, http://dblp.org}
}

@InProceedings{	  Yao79,
  author	= {Andrew Chi{-}Chih Yao},
  title		= {Some Complexity Questions Related to Distributive
		  Computing (Preliminary Report)},
  booktitle	= {Proceedings of the 11h Annual {ACM} Symposium on Theory of
		  Computing, April 30 - May 2, 1979, Atlanta, Georgia,
		  {USA}},
  pages		= {209--213},
  year		= {1979}
}



@inproceedings{HMTZ16,
	author    = {Martin Hirt and
	Ueli Maurer and
	Daniel Tschudi and
	Vassilis Zikas},
	title     = {Network-Hiding Communication and Applications to Multi-party Protocols},
	booktitle = {Advances in Cryptology - {CRYPTO} 2016 - 36th Annual International
	Cryptology Conference, Santa Barbara, CA, USA, August 14-18, 2016,
	Proceedings, Part {II}},
	pages     = {335--365},
	year      = {2016},
	url       = {https://doi.org/10.1007/978-3-662-53008-5\_12},
	doi       = {10.1007/978-3-662-53008-5\_12},
	timestamp = {Tue, 14 May 2019 10:00:48 +0200},
	biburl    = {https://dblp.org/rec/bib/conf/crypto/HirtMTZ16},
	bibsource = {dblp computer science bibliography, https://dblp.org}
}

@inproceedings{BBMM18,
	author    = {Marshall Ball and
	Elette Boyle and
	Tal Malkin and
	Tal Moran},
	title     = {Exploring the Boundaries of Topology-Hiding Computation},
	booktitle = {Advances in Cryptology - {EUROCRYPT} 2018 - 37th Annual International
	Conference on the Theory and Applications of Cryptographic Techniques,
	Tel Aviv, Israel, April 29 - May 3, 2018 Proceedings, Part {III}},
	pages     = {294--325},
	year      = {2018},
	url       = {https://doi.org/10.1007/978-3-319-78372-7\_10},
	doi       = {10.1007/978-3-319-78372-7\_10},
	timestamp = {Tue, 14 May 2019 10:00:53 +0200},
	biburl    = {https://dblp.org/rec/bib/conf/eurocrypt/BallBMM18},
	bibsource = {dblp computer science bibliography, https://dblp.org}
}

@inproceedings{CGS08,
	author    = {Nishanth Chandran and
	Vipul Goyal and
	Amit Sahai},
	title     = {New Constructions for {UC} Secure Computation Using Tamper-Proof Hardware},
	booktitle = {Advances in Cryptology - {EUROCRYPT} 2008, 27th Annual International
	Conference on the Theory and Applications of Cryptographic Techniques,
	Istanbul, Turkey, April 13-17, 2008. Proceedings},
	pages     = {545--562},
	year      = {2008},
	url       = {https://doi.org/10.1007/978-3-540-78967-3\_31},
	doi       = {10.1007/978-3-540-78967-3\_31},
	timestamp = {Tue, 14 May 2019 10:00:53 +0200},
	biburl    = {https://dblp.org/rec/bib/conf/eurocrypt/ChandranGS08},
	bibsource = {dblp computer science bibliography, https://dblp.org}
}

@inproceedings{GISVW10,
	author    = {Vipul Goyal and
	Yuval Ishai and
	Amit Sahai and
	Ramarathnam Venkatesan and
	Akshay Wadia},
	title     = {Founding Cryptography on Tamper-Proof Hardware Tokens},
	booktitle = {Theory of Cryptography, 7th Theory of Cryptography Conference, {TCC}
	2010, Zurich, Switzerland, February 9-11, 2010. Proceedings},
	pages     = {308--326},
	year      = {2010},
	url       = {https://doi.org/10.1007/978-3-642-11799-2\_19},
	doi       = {10.1007/978-3-642-11799-2\_19},
	timestamp = {Tue, 14 May 2019 10:00:47 +0200},
	biburl    = {https://dblp.org/rec/bib/conf/tcc/GoyalISVW10},
	bibsource = {dblp computer science bibliography, https://dblp.org}
}

@INPROCEEDINGS{HMQU05,
	author = {Dennis Hofheinz and Jörn Müller-Quade and Dominique Unruh},
	title = {Universally Composable Zero-Knowledge Arguments and Commitments from Signature Cards},
	booktitle = {IN PROC. OF THE 5TH CENTRAL EUROPEAN CONFERENCE ON CRYPTOLOGY MORAVIACRYPT 2005},
	year = {2005},
	publisher = {}
}



@article{HJ07,
	author    = {Markus Hinkelmann and
	Andreas Jakoby},
	title     = {Communications in unknown networks: Preserving the secret of topology},
	journal   = {Theor. Comput. Sci.},
	volume    = {384},
	number    = {2-3},
	pages     = {184--200},
	year      = {2007},
	url       = {https://doi.org/10.1016/j.tcs.2007.04.031},
	doi       = {10.1016/j.tcs.2007.04.031},
	timestamp = {Sun, 28 May 2017 13:20:00 +0200},
	biburl    = {https://dblp.org/rec/bib/journals/tcs/HinkelmannJ07},
	bibsource = {dblp computer science bibliography, https://dblp.org}
}

@inproceedings{KMTZ13,
	author    = {Jonathan Katz and
	Ueli Maurer and
	Bj{\"{o}}rn Tackmann and
	Vassilis Zikas},
	title     = {Universally Composable Synchronous Computation},
	booktitle = {Theory of Cryptography - 10th Theory of Cryptography Conference, {TCC}
	2013, Tokyo, Japan, March 3-6, 2013. Proceedings},
	pages     = {477--498},
	year      = {2013},
	url       = {https://doi.org/10.1007/978-3-642-36594-2\_27},
	doi       = {10.1007/978-3-642-36594-2\_27},
	timestamp = {Tue, 14 May 2019 10:00:47 +0200},
	biburl    = {https://dblp.org/rec/bib/conf/tcc/KatzMTZ13},
	bibsource = {dblp computer science bibliography, https://dblp.org}
}

@inproceedings{CCGZ16,
	author    = {Ran Cohen and
	Sandro Coretti and
	Juan A. Garay and
	Vassilis Zikas},
	title     = {Probabilistic Termination and Composability of Cryptographic Protocols},
	booktitle = {Advances in Cryptology - {CRYPTO} 2016 - 36th Annual International
	Cryptology Conference, Santa Barbara, CA, USA, August 14-18, 2016,
	Proceedings, Part {III}},
	pages     = {240--269},
	year      = {2016},
	url       = {https://doi.org/10.1007/978-3-662-53015-3\_9},
	doi       = {10.1007/978-3-662-53015-3\_9},
	timestamp = {Tue, 14 May 2019 10:00:48 +0200},
	biburl    = {https://dblp.org/rec/bib/conf/crypto/CohenCGZ16},
	bibsource = {dblp computer science bibliography, https://dblp.org}
}

@inproceedings{DI05,
	author    = {Ivan Damg{\aa}rd and
	Yuval Ishai},
	title     = {Constant-Round Multiparty Computation Using a Black-Box Pseudorandom
	Generator},
	booktitle = {Advances in Cryptology - {CRYPTO} 2005: 25th Annual International
	Cryptology Conference, Santa Barbara, California, USA, August 14-18,
	2005, Proceedings},
	pages     = {378--394},
	year      = {2005},
	url       = {https://doi.org/10.1007/11535218\_23},
	doi       = {10.1007/11535218\_23},
	timestamp = {Tue, 14 May 2019 10:00:48 +0200},
	biburl    = {https://dblp.org/rec/bib/conf/crypto/DamgardI05},
	bibsource = {dblp computer science bibliography, https://dblp.org}
}

@article{Fle83,
	title={Deux problèmes de Géométrie de situation},
	author={Fleury, M},
	journal={Journal de mathématiques élémentaires},
	volume={2},
	pages={257-261},
	year={1883}
}

@article{Fle91,
	title={X. 1 Algorithms for Eulerian Trails},
	author={Fleischner, H},
	journal={Eulerian Graphs and Related Topics: Part 1 (Annals of Discrete Mathematics)},
	volume={2},
	number={50},
	pages={1--13},
	year={1991}
}

@INPROCEEDINGS{Mak97,
	author={S. A. M. {Makki}},
	booktitle={1997 IEEE International Performance, Computing and Communications Conference},
	title={A distributed algorithm for constructing an Eulerian tour},
	year={1997},
	volume={},
	number={},
	pages={94-100},
	keywords={distributed algorithms;graph theory;operations research;distributed algorithm;Eulerian tour;network graph;traversal path;noncyclic tour;Distributed algorithms;Circuits;Network topology;Routing;Sufficient conditions;Information technology;Processor scheduling;Postal services;Decoding;Genetics},
	doi={10.1109/PCCC.1997.581385},
	ISSN={null},
	month={Feb},
}

@inproceedings{BBDP01,
	author    = {Mihir Bellare and
	Alexandra Boldyreva and
	Anand Desai and
	David Pointcheval},
	title     = {Key-Privacy in Public-Key Encryption},
	booktitle = {Advances in Cryptology - {ASIACRYPT} 2001, 7th International Conference
	on the Theory and Application of Cryptology and Information Security,
	Gold Coast, Australia, December 9-13, 2001, Proceedings},
	pages     = {566--582},
	year      = {2001},
	url       = {https://doi.org/10.1007/3-540-45682-1\_33},
	doi       = {10.1007/3-540-45682-1\_33},
	timestamp = {Tue, 14 May 2019 10:00:40 +0200},
	biburl    = {https://dblp.org/rec/bib/conf/asiacrypt/BellareBDP01},
	bibsource = {dblp computer science bibliography, https://dblp.org}
}

@inproceedings{HDWH12,
	author    = {Nadia Heninger and
	Zakir Durumeric and
	Eric Wustrow and
	J. Alex Halderman},
	title     = {Mining Your Ps and Qs: Detection of Widespread Weak Keys in Network
	Devices},
	booktitle = {Proceedings of the 21th {USENIX} Security Symposium, Bellevue, WA,
	USA, August 8-10, 2012},
	pages     = {205--220},
	year      = {2012},
	url       = {https://www.usenix.org/conference/usenixsecurity12/technical-sessions/presentation/heninger},
	timestamp = {Wed, 04 Jul 2018 13:06:34 +0200},
	biburl    = {https://dblp.org/rec/bib/conf/uss/HeningerDWH12},
	bibsource = {dblp computer science bibliography, https://dblp.org}
}

@inproceedings{CNE14,
	author    = {Stephen Checkoway and
	Ruben Niederhagen and
	Adam Everspaugh and
	Matthew Green and
	Tanja Lange and
	Thomas Ristenpart and
	Daniel J. Bernstein and
	Jake Maskiewicz and
	Hovav Shacham and
	Matthew Fredrikson},
	title     = {On the Practical Exploitability of Dual {EC} in {TLS} Implementations},
	booktitle = {Proceedings of the 23rd {USENIX} Security Symposium, San Diego, CA,
	USA, August 20-22, 2014},
	pages     = {319--335},
	year      = {2014},
	url       = {https://www.usenix.org/conference/usenixsecurity14/technical-sessions/presentation/checkoway},
	timestamp = {Mon, 25 Sep 2017 10:36:35 +0200},
	biburl    = {https://dblp.org/rec/bib/conf/uss/CheckowayNE0LRBMSF14},
	bibsource = {dblp computer science bibliography, https://dblp.org}
}



@article{ACM:Cha81,
	author    = {David Chaum},
	title     = {Untraceable Electronic Mail, Return Addresses, and Digital Pseudonyms},
	journal   = {Commun. {ACM}},
	volume    = {24},
	number    = {2},
	pages     = {84--88},
	year      = {1981},
	url       = {http://doi.acm.org/10.1145/358549.358563},
	doi       = {10.1145/358549.358563},
	timestamp = {Wed, 14 Nov 2018 10:22:32 +0100},
	biburl    = {https://dblp.org/rec/bib/journals/cacm/Chaum81},
	bibsource = {dblp computer science bibliography, https://dblp.org}
}



@article{ACM:RR98,
	author    = {Michael K. Reiter and
	Aviel D. Rubin},
	title     = {Crowds: Anonymity for Web Transactions},
	journal   = {{ACM} Trans. Inf. Syst. Secur.},
	volume    = {1},
	number    = {1},
	pages     = {66--92},
	year      = {1998},
	url       = {https://doi.org/10.1145/290163.290168},
	doi       = {10.1145/290163.290168},
	timestamp = {Tue, 06 Nov 2018 12:50:47 +0100},
	biburl    = {https://dblp.org/rec/bib/journals/tissec/ReiterR98},
	bibsource = {dblp computer science bibliography, https://dblp.org}
}

@inproceedings{IEEE:SGR97,
	author    = {Paul F. Syverson and
	David M. Goldschlag and
	Michael G. Reed},
	title     = {Anonymous Connections and Onion Routing},
	booktitle = {1997 {IEEE} Symposium on Security and Privacy, May 4-7, 1997, Oakland,
	CA, {USA}},
	pages     = {44--54},
	year      = {1997},
	url       = {https://doi.org/10.1109/SECPRI.1997.601314},
	doi       = {10.1109/SECPRI.1997.601314},
	timestamp = {Wed, 16 Oct 2019 14:14:51 +0200},
	biburl    = {https://dblp.org/rec/bib/conf/sp/SyversonGR97},
	bibsource = {dblp computer science bibliography, https://dblp.org}
}

