@inproceedings{CarterW77,
  author    = {Larry Carter and
               Mark N. Wegman},
  title     = {Universal Classes of Hash Functions (Extended Abstract)},
  booktitle = {Proceedings of the 9th Annual {ACM} Symposium on Theory of Computing,
               May 4-6, 1977, Boulder, Colorado, {USA}},
  pages     = {106--112},
  year      = {1977}
}

@INPROCEEDINGS{Dumer,
author={I. Dumer and A. A. Kovalev and L. P. Pryadko},
booktitle={2016 IEEE International Symposium on Information Theory (ISIT)},
title={Distance verification for LDPC codes},
year={2016},
volume={},
number={},
pages={2529-2533},
keywords={linear codes;parity check codes;LDPC code erasure correcting threshold;complexity bound;distance verification generic algorithm;exponential complexity reduction;linear code;Cascading style sheets;Parity check codes;Distance verification;LDPC codes;complexity bounds;covering sets;erasure correction},
doi={10.1109/ISIT.2016.7541755},
ISSN={},
month={July},}

@ARTICLE{Litsyn,
author={S. Litsyn and V. Shevelev},
journal={IEEE Transactions on Information Theory},
title={On ensembles of low-density parity-check codes: asymptotic distance distributions},
year={2002},
volume={48},
number={4},
pages={887-908},
keywords={error detection codes;graph theory;matrix algebra;LDPC;asymptotic distance distributions;average distance distributions;binary parity-check matrices;bipartite graphs;column sums;low-density parity-check codes;row sums;Absorption;Bipartite graph;Code standards;Iterative algorithms;Iterative decoding;Mathematics;Maximum likelihood estimation;Parity check codes;Performance analysis;Strips},
doi={10.1109/18.992777},
ISSN={0018-9448},
month={Apr},}

@article{CharikarCF04,
  author    = {Moses Charikar and
               Kevin C. Chen and
               Martin Farach{-}Colton},
  title     = {Finding frequent items in data streams},
  journal   = {Theor. Comput. Sci.},
  volume    = {312},
  number    = {1},
  pages     = {3--15},
  year      = {2004}
}

@article{DBLP:journals/scp/MisraG82,
  author    = {Jayadev Misra and
               David Gries},
  title     = {Finding Repeated Elements},
  journal   = {Sci. Comput. Program.},
  volume    = {2},
  number    = {2},
  pages     = {143--152},
  year      = {1982}
}
@article{GoldreichGM86,
  author    = {Oded Goldreich and
               Shafi Goldwasser and
               Silvio Micali},
  title     = {How to construct random functions},
  journal   = {J. {ACM}},
  volume    = {33},
  number    = {4},
  pages     = {792--807},
  year      = {1986}
}

@article{CormodeM05,
  author    = {Graham Cormode and
               S. Muthukrishnan},
  title     = {An improved data stream summary: the count-min sketch and its applications},
  journal   = {J. Algorithms},
  volume    = {55},
  number    = {1},
  pages     = {58--75},
  year      = {2005},
  url       = {https://doi.org/10.1016/j.jalgor.2003.12.001},
  doi       = {10.1016/j.jalgor.2003.12.001},
  timestamp = {Sun, 28 May 2017 13:24:58 +0200},
  biburl    = {http://dblp.org/rec/bib/journals/jal/CormodeM05},
  bibsource = {dblp computer science bibliography, http://dblp.org}
}

@inproceedings{IndykM98,
  author    = {Piotr Indyk and
               Rajeev Motwani},
  title     = {Approximate Nearest Neighbors: Towards Removing the Curse of Dimensionality},
  booktitle = {Proceedings of the Thirtieth Annual {ACM} Symposium on the Theory
               of Computing, Dallas, Texas, USA, May 23-26, 1998},
  pages     = {604--613},
  year      = {1998}
}


@inproceedings{DubrovI06,
  author    = {Bella Dubrov and
               Yuval Ishai},
  title     = {On the randomness complexity of efficient sampling},
  booktitle = {Proceedings of the 38th Annual {ACM} Symposium on Theory of Computing,
               Seattle, WA, USA, May 21-23, 2006},
  pages     = {711--720},
  year      = {2006}
}

@inproceedings{Yao79,
  author    = {Andrew Chi{-}Chih Yao},
  title     = {Some Complexity Questions Related to Distributive Computing (Preliminary
               Report)},
  booktitle = {Proceedings of the 11h Annual {ACM} Symposium on Theory of Computing,
               April 30 - May 2, 1979, Atlanta, Georgia, {USA}},
  pages     = {209--213},
  year      = {1979}
}

@inproceedings{Indyk00,
  author    = {Piotr Indyk},
  title     = {Stable Distributions, Pseudorandom Generators, Embeddings and Data
               Stream Computation},
  booktitle = {41st Annual Symposium on Foundations of Computer Science, {FOCS} 2000,
               12-14 November 2000, Redondo Beach, California, {USA}},
  pages     = {189--197},
  year      = {2000}
}

@inproceedings{MNS08,
  author    = {Ilya Mironov and
               Moni Naor and
               Gil Segev},
  title     = {Sketching in adversarial environments},
  booktitle = {Proceedings of the 40th Annual {ACM} Symposium on Theory of Computing,
               Victoria, British Columbia, Canada, May 17-20, 2008},
  pages     = {651--660},
  year      = {2008}
}

@article{GB16,
  author    = {Leonid Geller and
               David Burshtein},
  title     = {Bounds on the Belief Propagation Threshold of Non-Binary {LDPC} Codes},
  journal   = {{IEEE} Trans. Information Theory},
  volume    = {62},
  number    = {5},
  pages     = {2639--2657},
  year      = {2016}
}

@misc{Gall,
  author  = {Robert Gallagher},
  title   = {Low-Density Parity-Check Codes},
  year    = {1963}
}

@inproceedings{AHIKV17,
  author    = {Benny Applebaum and
               Naama Haramaty and
               Yuval Ishai and
               Eyal Kushilevitz and
               Vinod Vaikuntanathan},
  title     = {Low-Complexity Cryptographic Hash Functions},
  booktitle = {8th Innovations in Theoretical Computer Science Conference, {ITCS}
               2017, January 9-11, 2017, Berkeley, CA, {USA}},
  pages     = {7:1--7:31},
  year      = {2017}
}

@article{BabaiGKL03,
  author    = {L{\'{a}}szl{\'{o}} Babai and
               Anna G{\'{a}}l and
               Peter G. Kimmel and
               Satyanarayana V. Lokam},
  title     = {Communication Complexity of Simultaneous Messages},
  journal   = {{SIAM} J. Comput.},
  volume    = {33},
  number    = {1},
  pages     = {137--166},
  year      = {2003}
}

@inproceedings{HW13,
  author    = {Moritz Hardt and
               David P. Woodruff},
  title     = {How robust are linear sketches to adaptive inputs?},
  booktitle = {Symposium on Theory of Computing Conference, STOC'13, Palo Alto, CA,
               USA, June 1-4, 2013},
  pages     = {121--130},
  year      = {2013},
  crossref  = {DBLP:conf/stoc/2013},
  url       = {http://doi.acm.org/10.1145/2488608.2488624},
  doi       = {10.1145/2488608.2488624},
  timestamp = {Sun, 26 May 2013 10:49:33 +0200},
  biburl    = {http://dblp.uni-trier.de/rec/bib/conf/stoc/HardtW13},
  bibsource = {dblp computer science bibliography, http://dblp.org}
}
@proceedings{DBLP:conf/stoc/2013,
  editor    = {Dan Boneh and
               Tim Roughgarden and
               Joan Feigenbaum},
  title     = {Symposium on Theory of Computing Conference, STOC'13, Palo Alto, CA,
               USA, June 1-4, 2013},
  publisher = {{ACM}},
  year      = {2013},
  url       = {http://dl.acm.org/citation.cfm?id=2488608},
  isbn      = {978-1-4503-2029-0},
  timestamp = {Sun, 26 May 2013 10:30:47 +0200},
  biburl    = {http://dblp.uni-trier.de/rec/bib/conf/stoc/2013},
  bibsource = {dblp computer science bibliography, http://dblp.org}
}
@article{LB00,
	title={Adaptive estimation of a quadratic functional by model selection},
	author={Laurent, Beatrice and Massart, Pascal},
	journal={Annals of Statistics},
	pages={1302--1338},
	year={2000},
	publisher={JSTOR}
}

@inproceedings{KNR95,
	author = {Kremer, Ilan and Nisan, Noam and Ron, Dana},
	title = {On Randomized One-round Communication Complexity},
	booktitle = {Proceedings of the Twenty-seventh Annual ACM Symposium on Theory of Computing},
	series = {STOC '95},
	year = {1995},
	isbn = {0-89791-718-9},
	location = {Las Vegas, Nevada, USA},
	pages = {596--605},
	numpages = {10},
	url = {http://doi.acm.org/10.1145/225058.225277},
	doi = {10.1145/225058.225277},
	acmid = {225277},
	publisher = {ACM},
	address = {New York, NY, USA},
}

@article{JKS08,
	author    = {T. S. Jayram and
	Ravi Kumar and
	D. Sivakumar},
	title     = {The One-Way Communication Complexity of Hamming Distance},
	journal   = {Theory of Computing},
	volume    = {4},
	number    = {1},
	pages     = {129--135},
	year      = {2008},
	url       = {https://doi.org/10.4086/toc.2008.v004a006},
	doi       = {10.4086/toc.2008.v004a006},
	timestamp = {Wed, 17 May 2017 14:25:15 +0200},
	biburl    = {http://dblp.uni-trier.de/rec/bib/journals/toc/JayramKS08},
	bibsource = {dblp computer science bibliography, http://dblp.org}
}

@inproceedings{Woodruff04,
	author = {Woodruff, David},
	title = {Optimal Space Lower Bounds for All Frequency Moments},
	booktitle = {Proceedings of the Fifteenth Annual ACM-SIAM Symposium on Discrete Algorithms},
	series = {SODA '04},
	year = {2004},
	isbn = {0-89871-558-X},
	location = {New Orleans, Louisiana},
	pages = {167--175},
	numpages = {9},
	url = {http://dl.acm.org/citation.cfm?id=982792.982817},
	acmid = {982817},
	publisher = {Society for Industrial and Applied Mathematics},
	address = {Philadelphia, PA, USA},
}

@phdthesis{Woodruff07,
	author    = {David P. Woodruff},
	title     = {Efficient and private distance approximation in the communication
	and streaming models},
	school    = {Massachusetts Institute of Technology, Cambridge, MA, {USA}},
	year      = {2007},
	url       = {http://hdl.handle.net/1721.1/42243},
	timestamp = {Tue, 11 Apr 2017 01:00:00 +0200},
	biburl    = {http://dblp.uni-trier.de/rec/bib/phd/ndltd/Woodruff07},
	bibsource = {dblp computer science bibliography, http://dblp.org}
}

@inproceedings{NaorY89,
  author    = {Moni Naor and
               Moti Yung},
  title     = {Universal One-Way Hash Functions and their Cryptographic Applications},
  booktitle = {Proceedings of the 21st Annual {ACM} Symposium on Theory of Computing,
               May 14-17, 1989, Seattle, Washigton, {USA}},
  pages     = {33--43},
  year      = {1989}
}

@article{MunroP80,
  author    = {J. Ian Munro and
               Mike Paterson},
  title     = {Selection and Sorting with Limited Storage},
  journal   = {Theor. Comput. Sci.},
  volume    = {12},
  pages     = {315--323},
  year      = {1980}
}

@inproceedings{FlajoletM83,
  author    = {Philippe Flajolet and
               G. Nigel Martin},
  title     = {Probabilistic Counting},
  booktitle = {24th Annual Symposium on Foundations of Computer Science, Tucson,
               Arizona, USA, 7-9 November 1983},
  pages     = {76--82},
  year      = {1983}
}

@article{ChenDS01,
 author = {Chen, Scott Shaobing and Donoho, David L. and Saunders, Michael A.},
 title = {Atomic Decomposition by Basis Pursuit},
 journal = {SIAM Rev.},
 issue_date = {2001},
 volume = {43},
 number = {1},
 year = {2001},
 issn = {0036-1445},
 pages = {129--159}
}


@inproceedings{AlonMS96,
  author    = {Noga Alon and
               Yossi Matias and
               Mario Szegedy},
  title     = {The Space Complexity of Approximating the Frequency Moments},
  booktitle = {Proceedings of the Twenty-Eighth Annual {ACM} Symposium on the Theory
               of Computing, Philadelphia, Pennsylvania, USA, May 22-24, 1996},
  pages     = {20--29},
  year      = {1996}
}

@inproceedings{NY15,
	author    = {Moni Naor and
	Eylon Yogev},
	title     = {Bloom Filters in Adversarial Environments},
	booktitle = {Advances in Cryptology - {CRYPTO} 2015 - 35th Annual Cryptology Conference,
	Santa Barbara, CA, USA, August 16-20, 2015, Proceedings, Part {II}},
	pages     = {565--584},
	year      = {2015}
}

% Greater than Lowerbound
@inproceedings{DBLP:conf/allerton/RamamoorthyS15,
	author    = {Sivaramakrishnan Natarajan Ramamoorthy and
	Makrand Sinha},
	title     = {On the communication complexity of greater-than},
	booktitle = {53rd Annual Allerton Conference on Communication, Control, and Computing,
	Allerton 2015, Allerton Park {\&} Retreat Center, Monticello,
	IL, USA, September 29 - October 2, 2015},
	pages     = {442--444},
	year      = {2015}
}

% Yao's Deterministic to Randomized result
@inproceedings{DBLP:conf/focs/Yao83,
	author    = {Andrew Chi{-}Chih Yao},
	title     = {Lower Bounds by Probabilistic Arguments (Extended Abstract)},
	booktitle = {24th Annual Symposium on Foundations of Computer Science, Tucson,
	Arizona, USA, 7-9 November 1983},
	pages     = {420--428},
	year      = {1983},
	crossref  = {DBLP:conf/focs/FOCS24},
	url       = {https://doi.org/10.1109/SFCS.1983.30},
	doi       = {10.1109/SFCS.1983.30},
	timestamp = {Fri, 19 May 2017 01:26:00 +0200},
	biburl    = {http://dblp.org/rec/bib/conf/focs/Yao83},
	bibsource = {dblp computer science bibliography, http://dblp.org}
}

% Weak to strong OWFs
@INPROCEEDINGS{WeakToStrongOWFs,
	author={O. Goldreich and R. Impagliazzo and L. Levin and R. Venkatesan and D. Zuckerman},
	booktitle={Proceedings [1990] 31st Annual Symposium on Foundations of Computer Science},
	title={Security preserving amplification of hardness},
	year={1990},
	volume={},
	number={},
	pages={318-326 vol.1},
	keywords={security of data;hardness;inverting algorithm;polynomial fraction;pseudorandom generators;regular one-way function;security preserving amplification;signatures;weak one-way function;Computer science;Cryptographic protocols;Cryptography;National security;Polynomials;Sun},
	doi={10.1109/FSCS.1990.89550},
	ISSN={},
	month={Oct},}

% Fuzzy extractors and Secure Sketching
@article{DORS08,
	author = {Dodis, Yevgeniy and Ostrovsky, Rafail and Reyzin, Leonid and Smith, Adam},
	title = {Fuzzy Extractors: How to Generate Strong Keys from Biometrics and Other Noisy Data},
	journal = {SIAM J. Comput.},
	issue_date = {March 2008},
	volume = {38},
	number = {1},
	month = mar,
	year = {2008},
	issn = {0097-5397},
	pages = {97--139},
	numpages = {43},
	url = {http://dx.doi.org/10.1137/060651380},
	doi = {10.1137/060651380},
	acmid = {1405005},
	publisher = {Society for Industrial and Applied Mathematics},
	address = {Philadelphia, PA, USA},
	keywords = {biometric authentication, error-correcting codes, error-tolerance, fuzzy extractors, fuzzy fingerprints, metric embeddings, nonuniformity, password-based systems, randomness extractors},
} 

% Expander construction
@inproceedings{CRVW02,
	author = {Capalbo, Michael and Reingold, Omer and Vadhan, Salil and Wigderson, Avi},
	title = {Randomness Conductors and Constant-degree Lossless Expanders},
	booktitle = {Proceedings of the Thiry-fourth Annual ACM Symposium on Theory of Computing},
	series = {STOC '02},
	year = {2002},
	isbn = {1-58113-495-9},
	location = {Montreal, Quebec, Canada},
	pages = {659--668},
	numpages = {10},
	url = {http://doi.acm.org/10.1145/509907.510003},
	doi = {10.1145/509907.510003},
	acmid = {510003},
	publisher = {ACM},
	address = {New York, NY, USA},
	keywords = {condensers, expander graphs, extractors, graph products},
} 

% Sparse inner product credit
@inproceedings{KOR98,
	author = {Kushilevitz, Eyal and Ostrovsky, Rafail and Rabani, Yuval},
	title = {Efficient Search for Approximate Nearest Neighbor in High Dimensional Spaces},
	booktitle = {Proceedings of the Thirtieth Annual ACM Symposium on Theory of Computing},
	series = {STOC '98},
	year = {1998},
	isbn = {0-89791-962-9},
	location = {Dallas, Texas, USA},
	pages = {614--623},
	numpages = {10},
	url = {http://doi.acm.org/10.1145/276698.276877},
	doi = {10.1145/276698.276877},
	acmid = {276877},
	publisher = {ACM},
	address = {New York, NY, USA},
} 

% Adversarial ML
@article{MMSTV07,
	author    = {Aleksander Madry and
	Aleksandar Makelov and
	Ludwig Schmidt and
	Dimitris Tsipras and
	Adrian Vladu},
	title     = {Towards Deep Learning Models Resistant to Adversarial Attacks},
	journal   = {CoRR},
	volume    = {abs/1706.06083},
	year      = {2017},
	url       = {http://arxiv.org/abs/1706.06083},
	archivePrefix = {arXiv},
	eprint    = {1706.06083},
	timestamp = {Mon, 13 Aug 2018 01:00:00 +0200},
	biburl    = {https://dblp.org/rec/bib/journals/corr/MadryMSTV17},
	bibsource = {dblp computer science bibliography, https://dblp.org}
}

@article{KW17,
	author    = {J. Zico Kolter and
	Eric Wong},
	title     = {Provable defenses against adversarial examples via the convex outer
	adversarial polytope},
	journal   = {CoRR},
	volume    = {abs/1711.00851},
	year      = {2017},
	url       = {http://arxiv.org/abs/1711.00851},
	archivePrefix = {arXiv},
	eprint    = {1711.00851},
	timestamp = {Mon, 13 Aug 2018 16:49:09 +0200},
	biburl    = {https://dblp.org/rec/bib/journals/corr/abs-1711-00851},
	bibsource = {dblp computer science bibliography, https://dblp.org}
}

@article{SND17,
	author    = {Aman Sinha and
	Hongseok Namkoong and
	John C. Duchi},
	title     = {Certifiable Distributional Robustness with Principled Adversarial
	Training},
	journal   = {CoRR},
	volume    = {abs/1710.10571},
	year      = {2017},
	url       = {http://arxiv.org/abs/1710.10571},
	archivePrefix = {arXiv},
	eprint    = {1710.10571},
	timestamp = {Mon, 13 Aug 2018 16:48:34 +0200},
	biburl    = {https://dblp.org/rec/bib/journals/corr/abs-1710-10571},
	bibsource = {dblp computer science bibliography, https://dblp.org}
}

@article{RSL18,
	author    = {Aditi Raghunathan and
	Jacob Steinhardt and
	Percy Liang},
	title     = {Certified Defenses against Adversarial Examples},
	journal   = {CoRR},
	volume    = {abs/1801.09344},
	year      = {2018},
	url       = {http://arxiv.org/abs/1801.09344},
	archivePrefix = {arXiv},
	eprint    = {1801.09344},
	timestamp = {Mon, 13 Aug 2018 16:48:13 +0200},
	biburl    = {https://dblp.org/rec/bib/journals/corr/abs-1801-09344},
	bibsource = {dblp computer science bibliography, https://dblp.org}
}

@article{KKG18,
	author    = {Harini Kannan and
	Alexey Kurakin and
	Ian J. Goodfellow},
	title     = {Adversarial Logit Pairing},
	journal   = {CoRR},
	volume    = {abs/1803.06373},
	year      = {2018},
	url       = {http://arxiv.org/abs/1803.06373},
	archivePrefix = {arXiv},
	eprint    = {1803.06373},
	timestamp = {Mon, 13 Aug 2018 16:47:15 +0200},
	biburl    = {https://dblp.org/rec/bib/journals/corr/abs-1803-06373},
	bibsource = {dblp computer science bibliography, https://dblp.org}
}